1759 3125
483 121 870 161 ORIGENIANORUM
901 116 1041 157 LfflER
1071 118 1101 156 Ι.
1435 119 1488 163 73

80 234 163 292 jam
192 250 268 290 per
297 231 523 273 militarem
553 230 782 271 tumultum
823 245 917 270 cum
956 229 1046 269 filio
1085 227 1234 284 periit,
1274 244 1381 269 anno
1413 229 1490 270 im-

82 309 190 366 perii
219 309 366 350 tertio:
399 324 482 364 quo
513 308 706 348 recidunt
745 305 880 346 variae
920 321 1068 346 eorum
1099 305 1494 361 sententiae,-quo-

82 402 176 425 rum
207 385 278 425 alii
307 400 385 440 per
413 385 653 434 biennium,
682 400 759 440 per
788 382 1016 423 triennium
1047 382 1148 432 alii,
1179 393 1282 423 teste
1312 383 1430 423 Julio
1452 385 1493 438 ¹)

86 461 343 517 Capitolino,
374 461 651 502 Maximinum
682 460 908 516 imperasse
939 459 1099 501 volunt.
1145 459 1377 500 Maximino
1402 477 1494 501 suc-

86 538 206 579 cessit
238 538 488 580 Gordianus.
552 539 693 578 Annus
725 536 878 578 Christi
909 548 1008 577 tunc
1038 537 1236 588 agebatur
1258 535 1368 587 237.,
1400 537 1497 578 Ori-

86 615 198 668 genis
229 616 318 667 52.;
358 617 596 656 Romanam
643 614 862 655 ecclesiam
901 616 1072 667 regebat
1098 613 1331 663 Fabianus,
1361 613 1402 653 in
1434 614 1499 654 lo·-

86 708 182 732 cum
229 691 375 732 Anteri
423 693 649 741 suffectus,
697 691 769 747 qui
812 691 1068 732 Pontianum
1113 702 1354 746 exceperat,
1403 707 1498 731 cum

87 780 263 825 uterque
302 769 344 809 in
383 768 600 809 Maximini
638 768 933 823 persecutione
975 769 1195 809 tolerasset
1231 767 1501 825 martyrium3

84 857 308 902 postquam
338 845 406 885 hic
436 844 679 886 sexennium
715 845 901 896 circiter,
943 861 1131 886 mensem
1166 844 1240 885 ille
1271 845 1501 885 admodum

87 938 218 962 unum
248 938 458 963 summum
488 922 789 962 Pontificatum
817 921 966 963 tenuit.

202 999 275 1043 VI.
336 1001 424 1040 Nos
455 999 540 1040 illis
569 999 833 1055 temporibus
864 1000 1038 1040 alteram
1058 998 1251 1052 Origenis
1274 997 1503 1039 Athenien-

92 1091 179 1116 sem
213 1077 596 1131 peregrinationem
635 1076 830 1129 assignari
867 1093 990 1132 posse
1031 1092 1260 1117 censemus.
1322 1079 1376 1117 At
1409 1092 1504 1116 cum

92 1151 289 1192 Caesarea
325 1152 619 1208 Cappadociae
652 1153 906 1203 discederet,
938 1152 1234 1194 Nicomediam
1265 1152 1405 1192 obiter
1434 1153 1506 1192 ad-

91 1228 184 1269 iisse
214 1230 437 1284 probabile
469 1243 549 1281 est,
589 1230 751 1271 visendi
784 1230 999 1271 Ambrosii
1033 1246 1196 1279 caussa,
1238 1230 1309 1286 qui
1350 1230 1506 1286 impio-

92 1323 185 1346 rum
215 1306 390 1347 vinculis
423 1308 610 1363 elaPSUS,
647 1324 811 1349 moram
850 1308 892 1348 in
934 1324 980 1348 ea
1019 1309 1124 1347 urbe
1168 1324 1262 1348 cum
1303 1309 1506 1349 Marcella

95 1381 271 1439 conjuge
303 1400 350 1424 ac
381 1384 524 1425 liberis
555 1384 755 1426 faciebat:
788 1410 841 1416 —
874 1384 1032 1425 liberos
1065 1384 1237 1440 quippe,
1272 1384 1506 1440 conjugem,

94 1460 251 1511 fratres,
283 1477 330 1502 ac
360 1478 526 1502 sorores
555 1462 701 1503 habuit
730 1461 999 1503 Ambrosius:
1048 1460 1154 1501 obiit
1192 1474 1331 1502 autem
1362 1479 1508 1518 super-

92 1537 188 1578 stite
220 1538 417 1592 Origene,
449 1539 637 1594 vitioque
666 1539 747 1594 ipsi
775 1555 798 1579 a
826 1538 971 1578 multis
1004 1539 1148 1578 datum
1189 1550 1328 1579 narrat
1357 1538 1511 1579 Hiero-

95 1617 315 1672 nymus,³)
348 1616 463 1671 quod
494 1615 617 1656 amici
647 1615 777 1665 senis,
819 1626 860 1655 et
897 1615 1096 1670 pauperis
1126 1614 1311 1655 moriens
1340 1631 1426 1655 non
1456 1614 1511 1656 sit

97 1692 339 1732 recordatus
371 1717 444 1734 —.
505 1692 614 1733 Hinc
646 1692 852 1732 eruditam
886 1691 1004 1732 illam
1035 1693 1088 1732 ad
1118 1691 1362 1733 Africanum
1395 1691 1512 1733 dedit

100 1767 346 1822 epistolam,
393 1785 472 1824 qua
512 1771 724 1811 susannae
763 1769 980 1811 historiam
1020 1770 1173 1810 frustra
1210 1770 1261 1809 ab
1292 1784 1342 1809 eo
1374 1768 1512 1824 impu-

96 1856 262 1896 gnatam
294 1847 528 1897 confirmat,
557 1864 759 1904 suamque
791 1847 829 1888 ei
859 1848 987 1888 fidem
1018 1858 1060 1888 et
1086 1846 1378 1887 auctoritatem
1408 1862 1515 1887 asse-

102 2106 214 2148 nym.
246 2089 289 2129 in
323 2089 507 2143 Catalog.
538 2090 680 2145 script.
714 2092 877 2141 eccles,
907 2091 982 2132 ubi
1013 2092 1066 2132 de
1100 2090 1354 2140 Ambrosio,
1397 2107 1519 2131 voca-

103 2158 171 2187 tur
202 2147 483 2188 Theoctistus.
541 2146 807 2190 Ambrossus
841 2151 1044 2204 primum
1085 2147 1402 2197 Marcionites,
1442 2145 1518 2189 dc-

103 2201 208 2244 z'nde
240 2201 296 2244 ab
331 2203 532 2259 Origene
563 2212 811 2256 correctus,
842 2206 1057 2246 ecclesiae
1080 2202 1312 2254 dlaconus,
1344 2203 1520 2254 conses-

104 2262 240 2302 sionis
271 2258 523 2302 dominicae
560 2261 719 2315 gloria
760 2264 954 2317 z'nsegm's
991 2261 1109 2312 fuit,
1151 2263 1227 2302 cul
1259 2273 1343 2316 pro
1381 2260 1520 2302 Theo-

106 2318 237 2357 ctis-to
266 2314 532 2371 presbytero
566 2315 680 2359 leber
703 2318 918 2373 origenis
948 2316 1002 2359 dc
1030 2318 1260 2372 Martyrio
1290 2315 1521 2360 scribitur.

106 2373 214 2414 7Mihi
245 2389 340 2413 sane
373 2390 613 2428 persuasum
655 2386 716 2414 est
746 2391 932 2414 errorem
965 2390 1052 2414 esse
1083 2373 1420 2423 amanuensium,
1452 2375 1523 2429 qui

110 2429 330 2480 genuinam
362 2429 612 2487 Hieronymi
645 2431 896 2471 lectionem:
928 2433 1004 2472 cul’
1032 2438 1078 2472 et
1111 2430 1373 2471 Protocteto
1399 2443 1524 2485 pres·—

113 2487 294 2540 byter0‚
328 2498 540 2526 verterunt
570 2486 610 2526 in
643 2486 784 2528 istam:
823 2490 899 2529 cni
926 2499 1012 2543 pro
1057 2485 1312 2529 Theoctl'sto
1354 2488 1524 2543 presby-

111 2553 215 2583 tero,
264 2543 397 2583 Error
426 2542 522 2582 inde
554 2543 798 2584 manifestus
830 2556 904 2594 est,
937 2544 1052 2599 quod
1082 2559 1168 2583 non
1188 2543 1414 2584 Ambrosio
1446 2560 1524 2597 pro

111 2597 381 2648 'l'heoctist0,
421 2599 495 2638 sed
524 2599 714 2655 utrique,
756 2602 979 2640 Ambrosio
1020 2615 1173 2655 nempe
1205 2611 1245 2639 et
1275 2599 1524 2638 protocteto

113 2655 379 2710 presbytero,
409 2671 526 2695 suam
557 2657 609 2696 ad
640 2657 884 2714 martyrium
921 2661 1192 2714 παραίνεσιν
1230 2654 1392 2695 miserit
1431 2654 1526 2696 Ori-

113 2724 244 2760 genes.
279 2712 329 2751 R.

238 2780 276 2833 ¹)
308 2779 392 2820 Csr.
425 2782 510 2821 Jul.
546 2781 775 2838 capitolin.
806 2782 848 2822 in
881 2782 1095 2823 Maximin.
1130 2793 1169 2822 ct
1198 2781 1318 2822 Balb.

236 2849 279 2902 2)
311 2849 396 2890 Csr.
429 2850 671 2908 llicronym.
707 2853 756 2893 de
789 2853 928 2908 script.
962 2853 1108 2894 eccles.
1142 2867 1228 2906 cap.
1261 2849 1325 2892 67.
