1759 3125
472 85 860 126 ORIGENIANORUM
890 85 1032 124 LIBER
1061 83 1115 124 ΙΙ.
1408 85 1492 131 223

81 199 156 240 καὶ
185 196 272 254 πρὸ
303 194 462 250 ταύτης
484 196 718 252 ἐσχηκέναι
749 193 905 252 ψυχήν
925 193 1237 251 ἀνθρωπίνην,
1269 194 1350 237 τὸν
1378 197 1491 239 θεὸν

80 273 233 330 λόγον,
265 276 342 316 καὶ
373 274 422 316 ἓν
453 272 562 332 αὐτῇ
594 271 683 330 πρὸ
716 275 791 326 τῆς
820 273 1065 328 ἐπιδημίας
1093 269 1165 314 ἀεὶ
1194 274 1488 327 γεγενῆσθαι.

81 350 246 405 Quibus
276 366 363 390 non
392 361 477 390 tam
507 349 731 405 perstringi
761 349 927 390 videtur
956 348 1172 401 Origenes,
1204 364 1329 403 quam
1361 349 1492 404 Apel-

78 428 150 476 les,
181 426 351 482 aliique,
382 426 454 482 qui
486 425 699 467 Christum
731 428 783 466 de
814 426 935 466 coelo
969 442 1134 466 carnem
1167 424 1364 465 detulisse
1396 440 1491 464 cen-

75 504 230 543 sebant.
291 505 340 544 In
369 503 578 544 nefarium
609 515 748 544 autem
781 503 997 556 origenis,
1043 503 1160 558 quod
1202 501 1486 556 exposuimus,

75 580 226 633 dogma
263 583 494 622 secundum
533 598 653 621 suum
693 592 734 622 et
769 582 941 622 tertium
981 581 1161 621 intentat
1197 579 1489 619 anathematis-

72 673 188 697 mum
219 657 477 699 Justinianus
507 660 559 699 ad
591 660 747 700 calcem
780 658 983 714 epistolae
1015 657 1204 712 ejusdem
1233 656 1284 696 ad
1304 656 1488 697 Menam.

75 733 206 788 Quod
237 736 289 776 ad
320 735 435 776 illam
465 747 626 791 spectat
649 736 881 775 animarum
912 729 1211 790 προΰπαρξιν,
1241 734 1354 772 unde
1386 733 1487 773 haec

73 810 268 863 Origenis
297 823 569 853 manaverunt
599 813 650 852 de
682 812 818 853 anima
850 811 1004 854 Christi
1042 822 1305 860 commenta,
1350 811 1402 850 de
1443 826 1489 851 ea

71 886 179 928 infra
209 888 526 944 disputabimus.
587 890 692 930 Inde
734 905 830 929 sane
870 889 1113 944 pestiferam
1153 887 1342 928 haeresin
1371 903 1488 928 suam

71 964 273 1005 conflasse
300 967 498 1006 videntur
526 966 779 1007 Theodorus
810 966 1158 1020 Mopsuestenus,
1191 975 1232 1004 et
1261 975 1359 1018 post
1389 980 1487 1004 eum

69 1041 314 1083 Nestorius:
357 1043 456 1084 inde
506 1055 547 1084 et
592 1045 821 1084 adductum
859 1042 1096 1099 Eutychem
1142 1040 1352 1097 conjectat
1395 1042 1483 1081 Leo

69 1118 185 1174 Papa
213 1119 255 1159 in
286 1120 465 1175 epistola
498 1122 550 1161 ad
568 1121 784 1161 Julianum
804 1120 1025 1168 Coensem‚
1055 1129 1102 1158 ut
1133 1118 1344 1172 duplicem
1368 1117 1489 1158 Chri-

69 1195 122 1235 sti
149 1207 340 1237 naturam
371 1196 459 1253 πρό
491 1201 566 1252 τῆς
595 1196 796 1246 ἑνώσεως
824 1198 951 1238 fuisse
982 1197 1224 1246 affirmaret,
1256 1195 1375 1251 quasi
1401 1195 1490 1236 ani-

67 1288 181 1314 mam
210 1273 326 1315 illius
355 1287 457 1315 tunc
486 1275 530 1316 in
562 1277 684 1316 coelo
715 1276 840 1316 fuisse
872 1273 1111 1315 crediderit.

181 1350 477 1393 offensionem
517 1365 658 1394 autem
695 1369 782 1394 non
812 1353 1006 1401 haberet,
1057 1349 1173 1406 quod
1203 1347 1308 1388 dixit
1338 1347 1487 1400 Orige-

65 1443 160 1468 nes:
190 1430 549 1483 quemadmodum
581 1431 710 1471 homo
741 1430 829 1479 ille,
860 1429 933 1484 qui
952 1429 1096 1468 Verbo
1127 1427 1170 1466 in
1200 1441 1282 1466 una
1305 1440 1488 1480 persona

68 1504 315 1562 conjunctus
346 1518 419 1556 est,
449 1507 591 1547 Deum
622 1507 664 1547 in
695 1523 738 1547 se
767 1506 976 1561 suscepit,
1006 1504 1064 1545 ita
1094 1519 1172 1544 nos
1204 1518 1374 1557 quoque
1404 1518 1483 1557 pro

68 1595 155 1624 rata
196 1599 283 1624 esse
322 1600 447 1638 posse
478 1583 562 1624 Dei
602 1584 852 1640 participes,
892 1583 926 1623 si
961 1581 1115 1634 gratiae
1155 1580 1264 1620 illud
1303 1579 1482 1626 divinae,

66 1677 152 1701 non
185 1661 371 1717 propriis
402 1661 562 1702 meritis
603 1673 823 1717 acceptum
865 1660 1086 1700 retulisset.
1147 1657 1218 1698 Sic
1250 1656 1360 1696 enim
1398 1658 1484 1696 Au-

67 1737 255 1790 gustinus
308 1739 403 1780 libr.
457 1740 510 1779 de
562 1737 943 1794 praedestinatione
996 1747 1238 1775 sanctorum
1284 1750 1373 1789 cap.
1417 1734 1481 1775 15.

66 1814 195 1857 Sicut
224 1827 337 1871 ergo
371 1813 748 1871 praedestinatus
776 1822 843 1856 est
873 1814 949 1856 ille
977 1824 1119 1864 unus,
1150 1817 1204 1851 ut
1235 1817 1375 1867 caput
1406 1823 1484 1852 no-

38 1950 40 1952 v
66 1898 214 1933 strum
243 1899 380 1943 esset;
416 1894 488 1933 ita
526 1893 666 1934 multi
687 1890 1034 1949 praedestinati
1056 1901 1231 1942 memus,
1262 1894 1314 1928 vt
1343 1900 1481 1928 mem-

67 1971 155 2012 bra
184 1971 280 2026 ejus
309 1982 512 2011 essemus.
573 1971 706 2010 Item:
736 1969 810 2011 Ea
837 1969 1007 2024 gratia
1022 1965 1092 2020 fit
1120 1968 1178 2006 ab
1210 1967 1342 2006 z'm‘tc’o
1373 1963 1486 2014 fidei

66 2060 174 2089 suae
213 2047 340 2088 lzomo
379 2049 626 2102 quic-unque
668 2045 979 2096 Clzrzls’tc'atms,
1018 2057 1107 2099 qna
1141 2045 1309 2099 gratia
1352 2042 1480 2084 homo

67 2124 142 2167 ille
171 2126 230 2166 ab
259 2127 393 2167 z'm‘tz‘o
411 2124 581 2178 factus
609 2131 677 2166 est
710 2122 930 2167 Cleri-stus.

176 2202 251 2243 IX.
311 2202 548 2243 Memoriae
584 2203 777 2258 prodidit
807 2201 1071 2256 Theophilus
1105 2199 1408 2239 Alexandrinus
1440 2199 1481 2239 in

64 2277 199 2334 prima
228 2279 432 2329 paschali,
463 2291 506 2320 et
533 2281 646 2335 apud
668 2280 993 2321 Theodoretum
1024 2278 1067 2317 in
1096 2276 1296 2328 Dialogo,
1330 2277 1397 2316 cui
1430 2276 1481 2316 ti-

62 2357 176 2397 tulus
202 2354 484 2412 Ἀσύγχυτος,
516 2358 721 2398 censuisse
755 2357 984 2409 Origenem
1015 2354 1220 2402 animam,
1262 2370 1386 2409 quam
1418 2371 1482 2395 as-

67 2434 212 2475 sumsit
227 2434 362 2475 Filius
384 2434 482 2484 Dei,
515 2447 555 2476 et
585 2435 723 2491 ipsum
741 2435 825 2476 Dei
846 2434 1007 2476 Filium
1036 2448 1167 2471 unum
1199 2447 1302 2481 esse,
1333 2447 1479 2487 quem-

67 2512 296 2566 admodum
326 2513 451 2553 Pater
481 2524 520 2553 et
542 2513 677 2554 Filius
707 2529 836 2553 unum
868 2522 974 2552 sunt.
1025 2508 1136 2549 Hinc
1167 2508 1232 2548 illi
1252 2511 1479 2550 commoda

69 2589 241 2628 vexandi
277 2605 355 2644 pro
397 2606 516 2631 more
555 2607 630 2631 suo
676 2590 869 2642 Origenis
909 2604 1026 2636 ansa,
1067 2603 1192 2642 quam
1231 2586 1313 2642 ipsi
1335 2599 1482 2627 ,tamen

67 2665 416 2719 extorquebimus.
478 2669 584 2708 Nam
619 2668 802 2722 primum
846 2665 1032 2719 agnoscit
1076 2665 1235 2704 ibidem
1267 2664 1484 2719 Theophi-

69 2740 143 2788 lus,
176 2742 227 2781 de
258 2742 417 2782 animae
450 2744 603 2785 Christi
644 2745 843 2799 dignitate
883 2755 995 2784 recte
1037 2742 1263 2798 aliquando
1306 2741 1477 2781 sensisse

68 2816 314 2868 origenem,
367 2835 540 2874 eamque
584 2822 680 2862 Deo
737 2823 879 2862 Verbo
937 2820 1184 2860 inferiorem
1237 2817 1477 2857 credidisse.
