1759 3125
466 96 850 136 ORIGEMANORUM
880 95 1024 134 LIBER
1056 95 1087 135 Ι.
1427 95 1481 137 57

70 207 195 247 stimo
227 206 435 247 Demetrii
473 207 667 247 adversus
700 205 928 258 Origenem
969 206 1141 245 decreto
1180 205 1482 260 adstipulatum

72 283 197 322 fuisse
229 283 451 324 Heraclam
480 284 615 324 adhuc
645 284 959 340 presbyterum,
1001 293 1041 322 et
1080 281 1205 321 simul
1242 293 1288 321 ut
1321 282 1483 337 episco-

70 371 214 414 patum
246 361 421 416 adeptus
453 373 526 410 est,
559 360 787 401 decessoris
818 359 881 400 sui
914 359 1180 399 confirmasse
1212 359 1411 408 edictum,
1444 371 1484 399 et

74 453 156 490 quo
189 438 325 478 minus
358 439 647 479 restitueretur
677 438 717 478 in
737 438 945 488 integrum
964 435 1166 487 Origenes
1191 435 1482 491 impedivisset

70 512 126 552 ait
165 514 324 570 quippe
367 516 543 556 Photius
584 517 689 557 Cod.
732 514 847 563 118„
888 513 1026 554 edicto
1068 512 1277 552 Demetrii
1306 512 1486 552 subscri-

70 589 200 644 psisse
232 604 446 648 quotquot
475 593 554 648 ipsi
588 591 763 645 Origeni
794 602 912 631 antea
943 590 1153 641 suffragati
1178 590 1354 630 fuerant.
1403 591 1484 629 Ve-

73 682 166 706 rum
197 669 440 722 persuaderi
469 686 554 709 non
584 686 770 724 possum,
802 667 884 726 jam
914 679 1005 708 tum
1029 666 1180 707 obiisse
1201 666 1484 717 Demetrium,

75 759 169 784 cum
201 746 451 786 Alexandria
483 745 668 803 dejectus
701 757 761 786 est
792 745 1020 797 Origenes,
1062 755 1102 784 et
1143 761 1216 783 cur
1256 743 1487 799 expellere-

73 832 142 861 tur
171 834 384 863 auctorem
425 824 551 864 fuisse
590 823 836 871 Heraclam,
878 833 1024 861 contra
1066 820 1326 861 Eusebianae
1356 821 1488 861 histo-

73 898 157 938 riae
203 900 557 948 testificationem,
604 911 644 940 et
689 898 939 956 Hieronymi
989 899 1080 938 libr.
1122 898 1161 940 2.
1207 899 1301 940 adv.
1344 899 1485 939 Rufin.

73 991 160 1030 cap.
193 977 248 1026 5.,
280 988 320 1016 et
349 976 478 1032 ipsius
511 976 635 1017 etiam
677 976 890 1029 Origenis,
933 975 1005 1032 qui
1044 975 1086 1016 in
1130 991 1195 1032 ep.
1235 976 1287 1015 ad
1329 976 1487 1016 amicos

74 1053 376 1094 Alexandrinos
427 1065 524 1109 post
568 1053 760 1094 exsilium
815 1053 945 1110 ipsius
990 1053 1167 1109 scripta,
1219 1052 1486 1092 Demetrium

73 1129 261 1186 aliosque
292 1133 512 1172 adversum
544 1148 586 1172 se
620 1131 928 1172 consentientes
961 1131 1188 1171 ulciscitur.

183 1210 297 1249 XVI.
358 1210 644 1265 Postquam¹)
686 1225 732 1248 ex
772 1209 855 1248 hoc
893 1209 1077 1249 tumultu
1122 1208 1366 1249 Caesaream
1398 1224 1487 1248 sese

75 1285 235 1340 recepit
261 1285 478 1338 Origenes,
510 1288 644 1327 famae
674 1302 772 1327 suae
802 1298 868 1326 tot
900 1284 1117 1326 calumniis
1148 1284 1357 1340 appetitae
1390 1301 1489 1324 con-

75 1362 215 1412 suluit,
249 1375 288 1403 et
318 1364 538 1405 submissas
571 1365 613 1405 in
645 1363 826 1405 nominis
857 1363 918 1403 sui
959 1363 1318 1419 oppugnationem
1349 1378 1371 1402 a
1401 1363 1488 1402 De-

74 1440 226 1480 metrio
266 1442 405 1481 literas
436 1442 588 1498 scripta
621 1459 688 1491 ea,
720 1458 843 1497 quam
875 1440 981 1490 dixi,
1015 1442 1065 1480 ad
1097 1440 1254 1480 amicos
1285 1441 1488 1495 quosdam

73 1532 170 1558 suos
223 1519 515 1559 Alexandriam
565 1519 743 1574 epistola
791 1518 1028 1558 luculenter
1076 1516 1378 1569 confutavit.²)
1441 1518 1489 1556 ln

76 1610 156 1648 qua
187 1595 345 1635 etiamsi
377 1595 613 1636 maledictis
643 1595 851 1635 abstinere
883 1611 924 1634 se
958 1595 1068 1634 velle
1100 1595 1305 1643 declarat,
1344 1610 1489 1650 aspere

76 1682 214 1711 tamen
246 1683 286 1711 et
314 1674 463 1712 acerbe
503 1674 791 1721 Demetrium,
835 1672 955 1727 eique
999 1672 1304 1712 consentientes
1342 1674 1490 1712 adver-

77 1824 299 1881 flictosque
331 1826 699 1867 anathematismos
731 1825 903 1868 refellit.
962 1828 1048 1867 Nec
1078 1825 1216 1866 minus
1249 1828 1303 1866 ob
1334 1828 1489 1868 Deme-

79 2071 162 2107 est‚
210 2059 326 2114 quod
368 2076 516 2099 vocem
558 2058 676 2114 αὐτῷ
722 2058 773 2098 ad
816 2057 1045 2109 Origenem
1084 2057 1269 2105 deferat,
1312 2074 1405 2097 cum
1439 2060 1491 2099 ad

79 2115 304 2167 origenem
343 2117 562 2156 referenda
601 2115 666 2155 sit.
744 2115 840 2155 Hoc
883 2114 994 2154 enim
1035 2131 1165 2154 unum
1204 2113 1261 2153 ait
1299 2114 1491 2164 Photius,

79 2184 287 2227 quotquot
318 2172 470 2228 prioris
502 2171 798 2212 Demetrianae
836 2171 987 2228 synodi
1029 2171 1198 2211 decreto
1238 2171 1493 2227 subscripse-

79 2240 190 2278 rant,
233 2231 403 2269 eosdem
444 2228 690 2284 posterioris
727 2227 993 2268 Demea-iani
1033 2226 1214 2268 Concilii
1255 2227 1356 2268 actis
1397 2230 1493 2268 sub-

77 2285 302 2340 scripsisse.
362 2286 486 2327 Certe
517 2285 670 2327 nullibi
710 2285 823 2338 apud
861 2284 1169 2341 Hieronymum
1204 2283 1399 2335 legimus,
1440 2287 1491 2324 ab

79 2343 255 2383 Heracla
285 2342 509 2397 quicquam
542 2353 687 2382 contra
720 2341 948 2393 Origenem
980 2352 1120 2381 actum
1147 2340 1288 2380 fuisse.
1335 2342 1492 2396 Ecquis

79 2399 189 2438 enim
221 2399 264 2439 id
296 2400 436 2440 credat
476 2400 527 2438 de
566 2398 764 2447 Heracla‚
805 2414 930 2453 quem
971 2396 1174 2449 Origenes
1213 2413 1290 2451 per
1328 2397 1495 2448 triginta

83 2456 168 2495 fere
209 2472 339 2496 annos
390 2454 644 2511 discipulum
684 2454 905 2494 habuerat:
957 2453 1024 2494 cui
1065 2453 1314 2493 Alexandria
1364 2455 1496 2494 disce-

82 2513 182 2551 dens
215 2512 490 2553 catecheticae
530 2512 700 2552 scholae
740 2527 889 2551 munus
929 2510 1122 2565 reliquit,
1155 2521 1195 2549 et
1228 2510 1297 2564 qui
1328 2510 1495 2550 sibimet

82 2567 162 2622 ipsi
192 2568 432 2621 subrogavit
460 2567 713 2625 Dionysium
748 2567 944 2621 Origenis
975 2567 1100 2607 etiam
1132 2566 1416 2621 discipulum?
1448 2569 1495 2606 l'u.

201 2638 239 2692 ¹)
272 2638 401 2692 Quod
432 2649 524 2680 toto
556 2638 599 2678 in
630 2639 760 2678 hocce
790 2638 970 2677 articulo
1002 2637 1062 2677 ait
1091 2637 1293 2685 Huetius,
1323 2637 1496 2677 minime

87 2705 197 2733 certe
239 2695 432 2735 cohaeret
473 2711 567 2734 cum
615 2693 807 2746 Origenis
844 2693 1003 2746 flagitio
1047 2705 1088 2734 et
1129 2693 1411 2748 poenitentia,
1452 2705 1495 2734 ut

87 2749 169 2805 jam
203 2750 392 2792 diximus.
422 2752 472 2792 R.

203 2820 243 2873 ²)
276 2820 360 2859 Csr.
396 2821 640 2878 Hieronym.
674 2820 713 2861 in
750 2821 885 2863 Rusti).
917 2820 988 2860 lib.
1026 2821 1080 2860 ll.
