1759 3125
227 113 312 157 392
782 115 1019 157 Excnnsus
1050 115 1098 155 V.

231 227 434 286 προσεχῆ
475 226 592 270 ἰδεῖν
632 228 708 270 ἐπὶ
740 226 1023 285 ἆγαθ-όιητος
1054 229 1133 271 τοῦ
1166 229 1277 271 θεοῦ
1308 226 1421 284 πρὸς
1451 227 1530 271 τὸν
1561 243 1654 271 σω-

234 307 367 362 τῆρα,
402 301 511 348 ὄντα
548 302 702 348 εἰκόνα
732 307 809 358 τῆς
839 303 1126 362 ἀγαθότητος
1155 304 1309 357 αὐτοῦ,
1342 302 1456 361 ἤπερ
1476 306 1552 349 ἐπὶ
1575 308 1655 350 wi*

235 385 435 441 σωτῆρος
464 380 579 440 πρὸς
613 380 800 439 ἀγαθὸν
841 378 1114 438 ἄνθρωπον,
1165 384 1241 424 καὶ
1279 381 1465 439 ἀγαθὸν
1506 383 1657 440 ἔργον,

236 463 310 503 καὶ
343 457 526 516 ἀγαθὸν
556 460 764 518 δένδρον.
825 464 1007 504 Πλείων
1043 458 1133 516 γὰρ
1174 457 1199 513 ἡ
1231 457 1427 516 ὑπεροχὴ
1460 459 1575 517 πρὸς
1604 458 1657 502 τὰ

237 535 541 594 ὑποδεέστερα
584 537 738 594 ἀγαθὰ
783 540 833 583 ἓν
872 541 933 594 τῷ
981 540 1171 594 σωτῆρι,
1211 535 1328 580 καθ-ό
1370 538 1489 580 ἐστιν
1527 537 1661 582 εῗκών

237 617 314 663 τῆς
342 611 628 671 ἀγαθ-ότητος
671 616 808 660 αὐτοῦ
848 618 928 658 τοῦ
970 617 1104 670 θεοῦ,
1147 611 1261 671 ἤπερ
1292 612 1317 668 ἡ
1351 612 1548 670 ὑπεροχὴ
1582 617 1661 659 τοῦ

238 695 373 747 θεοῦ,
409 689 536 741 ὄντος
570 692 775 750 ἀγαθοῦ,
813 691 928 749 πρὸς
967 691 1048 735 τὸν
1087 689 1274 736 εἰπόντα
1307 694 1508 749 σωτῆρα·
1541 691 1601 749 ,,ὁ
1623 693 1661 749 ¹)

238 768 400 827 πατὴρ,
435 769 455 813 ὁ
489 774 678 825 πέμψας
706 787 781 828 με,
814 774 981 829 μείζων
1009 786 1101 824 μου
1135 770 1304 812 ἔστίν.“
1355 769 1533 825 Optime
1567 786 1667 811 con-

237 847 348 901 gruit
379 849 461 888 hoc
491 848 781 889 testimonium
812 848 904 889 aliis
936 847 1129 900 Origenis
1159 847 1393 903 principiis.
1448 848 1607 890 Statuit
1629 848 1666 892 1.

239 926 416 975 Filium,
449 942 542 966 cum
575 925 629 966 sit
661 926 801 979 imago
833 926 917 967 Dei
947 925 1183 977 invisibilis,
1216 924 1439 977 imaginem
1474 942 1561 967 esse
1594 927 1667 967 de-

240 1005 341 1043 bere
372 1003 505 1058 ipsius
541 1004 765 1045 bonitatis:
806 1005 912 1046 adeo
956 1003 1222 1059 exploratum
1263 1002 1328 1043 illi
1370 1015 1477 1054 erat,
1529 1015 1664 1045 totam

240 1080 377 1121 Patris
419 1079 682 1122 divinitatem
722 1081 764 1122 in
812 1082 890 1122 hac
937 1080 1119 1133 imagine
1164 1095 1399 1136 expressam
1450 1097 1536 1122 esse
1578 1082 1666 1123 sine

241 1159 329 1198 ulla
362 1157 719 1207 dissimilitudine,
751 1173 827 1198 nec
859 1158 1087 1215 quicquam
1115 1158 1250 1198 inesse
1275 1158 1519 1215 exemplari,
1552 1161 1669 1215 quod

242 1236 349 1277 absit
380 1237 430 1276 ab
461 1235 642 1287 imagine
715 1235 752 1276 2.
786 1235 957 1276 Diserte
997 1237 1147 1285 docet,
1192 1235 1296 1275 boni
1335 1237 1669 1291 appellationem

244 1314 370 1365 longe
402 1312 525 1353 aliter
554 1311 669 1352 Filio
704 1328 949 1364 congruere,
982 1329 1108 1368 quam
1138 1313 1263 1353 rebus
1294 1312 1460 1353 creatis.
1521 1314 1558 1358 3.
1591 1315 1671 1356 Pa-

242 1390 317 1431 tris
349 1402 389 1431 et
430 1389 534 1431 Filii
573 1389 886 1430 distinctionem
926 1390 1002 1430 hac
1033 1406 1116 1430 una
1146 1405 1191 1430 re
1222 1389 1417 1441 metitur,
1448 1392 1563 1446 quod
1594 1392 1675 1433 Pa-

243 1480 308 1508 ter
339 1468 393 1508 sit
423 1469 599 1516 honum,
629 1467 766 1508 Filius
799 1467 937 1521 imago
971 1467 1059 1525 ejus
1095 1467 1310 1509 bonitatis.
1370 1468 1407 1510 4.
1443 1468 1673 1525 Conceptis

244 1545 383 1586 verbis
415 1546 688 1601 pronuntiat,
730 1545 882 1602 majori
922 1545 1147 1586 intervallo
1188 1562 1253 1586 res
1294 1557 1449 1586 creatas
1490 1563 1512 1586 a
1541 1546 1674 1598 Filio,

245 1639 372 1679 quam
403 1623 563 1663 Filium
606 1640 627 1664 a
666 1623 793 1664 Patre
825 1623 1034 1679 superari:
1077 1623 1194 1679 quod
1233 1624 1301 1663 de'
1325 1640 1370 1664 re
1413 1636 1550 1665 creata
1590 1624 1675 1666 dici

244 1717 332 1741 non
365 1700 510 1756 possit.
572 1701 699 1742 Nulla
731 1701 843 1742 enim
872 1718 938 1742 res
969 1713 1029 1742 est
1073 1700 1303 1758 ejusmodi,
1345 1718 1474 1757 quae,
1513 1702 1676 1745 etiamsi

248 1778 365 1820 omn‘i
397 1790 744 1820 ornamentorum
777 1795 928 1832 genere
958 1795 979 1819 a
1003 1778 1102 1820 Deo
1136 1780 1388 1832 cumuletur,
1420 1796 1507 1821 non
1536 1783 1674 1823 multo

245 1857 341 1912 plus
377 1857 426 1898 ab
459 1872 509 1897 eo
543 1856 680 1908 distet,
713 1874 838 1913 quam
870 1874 891 1898 a
919 1856 1067 1898 ceteris
1097 1859 1222 1898 rebus
1255 1858 1415 1899 creatis.
1466 1858 1679 1900 Cfr.P1-u-

249 1934 362 1975 dent.
393 1935 540 1975 Maran
573 1935 625 1975 de
657 1934 877 1976 divinitate
901 1934 1059 1976 Christi
1088 1934 1161 1977 lib.
1182 1936 1253 1977 IV.
1291 1951 1380 1991 cap.
1405 1935 1470 1979 16.
1502 1952 1616 1978 num.
1633 1937 1675 1980 3.

739 2293 1076 2352 Excursus
1129 2296 1193 2350 V.

667 2432 782 2488 (Cfr.
824 2448 914 2488 pag.
949 2430 1043 2475 178.
1083 2442 1172 2472 not.
1203 2431 1273 2487 3.)

367 2544 661 2600 Blasphemiae
701 2544 744 2585 in
783 2543 991 2600 Spiritum
1039 2557 1227 2585 sanctum
1269 2557 1485 2586 accusatur
1526 2546 1678 2600 Orige-

254 2640 350 2675 nes;
381 2624 455 2664 sed
486 2637 592 2678 quae
631 2623 684 2662 ad
724 2622 831 2662 hanc
873 2621 1211 2663 criminationem
1255 2623 1504 2665 firmandam
1534 2626 1679 2681 profe-

254 2713 418 2752 runtur,
449 2716 509 2751 ea,
539 2700 575 2741 si
605 2699 818 2742 Graecum
855 2711 1098 2741 contextum
1129 2713 1322 2743 accurate
1354 2702 1678 2759 expendasjfir-

379 2863 417 2916 Ι)
448 2861 524 2903 Ev.
555 2861 707 2903 Joann.
738 2861 856 2914 XIV,
885 2860 952 2906 28.
