1759 3125
670 115 902 158 Excunsus
945 117 994 158 V.
1452 114 1535 158 397

120 230 421 278 discernitur,
451 233 610 269 utrum
642 235 782 270 natus
810 229 895 277 sit,
936 240 997 267 an
1039 229 1242 267 innatus.
1303 225 1445 281 (ἐπ’)
1480 224 1535 266 de

119 317 247 358 nat0,
277 305 428 362 inquit,
460 305 534 346 vel
559 308 724 347 innato
755 306 964 359 requirit,
993 305 1091 344 sine
1122 301 1259 343 dubio
1286 308 1536 343 creaturae

115 389 163 427 in
192 397 241 426 eo
272 383 450 424 nullam
481 380 620 423 habet
651 384 932 438 opinionem,
973 380 1173 435 alioquin
1203 386 1250 420 et
1279 377 1361 419 hoc
1392 376 1537 419 adda-

113 464 258 504 xisset
290 458 355 501 ad
381 461 728 515 inquisitionem.
787 458 843 498 Et
873 455 1059 513 adjungit
1090 456 1312 508 Origenes:
1356 455 1435 498 Vel
1460 454 1538 497 Fi-

116 538 201 579 lius
232 540 324 593 ipse
350 537 446 579 Dei
471 534 707 578 habendus
737 539 811 587 sit,
843 548 925 576 nec
956 546 1024 575 ne.
1071 533 1178 574 Cum
1203 534 1303 574 haec
1324 545 1538 588 postrema

116 614 309 666 Origenis
341 615 488 663 verba,
528 612 630 654 tum'
649 613 780 653 sancti
810 609 1007 667 Martyris
1038 611 1201 651 notatio
1234 612 1536 657 demonstrant,

115 707 201 731 non
232 691 276 731 id
319 691 549 742 Origenem
590 689 824 746 inquirere,
873 700 1015 728 utrum
1055 686 1239 741 Spiritus
1280 687 1334 728 sit
1372 703 1450 727 nec
1486 702 1539 726 ne

118 779 330 817 creatura,
369 768 441 808 sed
485 768 706 824 quomodo
738 765 968 822 acceperit,
999 776 1045 805 ut
1077 775 1183 804 esset
1212 781 1292 804 una
1329 779 1375 803 ex
1407 763 1540 803 tribus

116 844 308 899 personis
341 844 507 886 divinis.
570 844 710 898 Quam
744 845 798 884 ob
829 859 919 883 rem
950 842 1088 882 minus
1116 853 1307 882 accurate
1324 839 1540 894 Hierony-

117 938 209 961 mus
240 922 292 962 ad
333 922 445 962 hunc
489 921 683 974 Origenis
727 922 871 961 locum
912 920 1139 975 respiciens
1179 919 1237 959 sie
1277 916 1468 973 loquitur
1498 915 1539 955 in

120 1014 184 1053 ep.
218 999 270 1038 ad
301 998 498 1038 Avitum:
530 998 603 1040 De
634 1011 730 1052 qno,
763 996 914 1053 inquit,
947 998 991 1037 id
1023 1009 1084 1037 est
1115 998 1166 1036 de
1189 994 1352 1050 Spiritu
1383 1005 1540 1041 sanem,

118 1088 219 1117 cam
250 1078 475 1131 ignorare
504 1088 550 1116 se
581 1073 725 1129 dicat,
756 1082 913 1116 utrum
927 1074 1099 1128 factus
1120 1077 1193 1122 sit,
1226 1085 1286 1112 an
1317 1073 1540 1127 infectus:

115 1153 163 1192 in
199 1150 528 1207 posterioribus
573 1150 684 1207 qnid
717 1148 773 1193 de
811 1164 860 1192 eo
898 1153 1096 1192 sentiret
1135 1150 1383 1203 expressit,
1429 1146 1547 1187 nillil

117 1230 284 1284 absque
313 1229 405 1269 solo
436 1229 584 1270 Patre
614 1229 841 1282 infectum
862 1242 954 1270 esse
982 1227 1273 1281 confirmans.
1317 1227 1541 1280 Nunquam

117 1305 310 1357 ignorare
353 1321 396 1345 se
444 1305 548 1345 dixit
579 1305 808 1357 Origenes,
853 1323 993 1346 utrum
1028 1303 1211 1360 Spiritus
1242 1314 1406 1342 sanctus
1439 1312 1545 1341 esset

118 1398 197 1422 nec
228 1399 281 1422 ne
313 1394 513 1423 creatura.
576 1385 680 1423 Nam
712 1382 755 1422 in
787 1383 867 1422 hoc
898 1382 991 1438 ipso
1022 1382 1224 1422 Prooem.
1254 1379 1296 1418 in
1329 1378 1459 1418 libros
1491 1377 1542 1417 de

118 1460 304 1515 Princip.
338 1459 449 1500 inter
480 1476 539 1510 ea,
571 1472 685 1514 quae
710 1472 797 1515 per
817 1458 1126 1515 Apostolicam
1148 1455 1544 1513 praedicationem

118 1536 368 1591 manifeste
400 1535 681 1587 traduntur,
722 1538 804 1577 hoc
845 1537 997 1588 dogma
1037 1545 1251 1583 numerat,
1291 1531 1459 1574 honore
1490 1545 1545 1573 ac

124 1611 362 1669 dignitate
391 1614 536 1656 Patri
561 1627 618 1655 ac
649 1613 766 1656 Filio
797 1614 1024 1654 sociatum
1053 1611 1278 1668 Spiritum
1306 1617 1543 1651 sanctum:

122 1708 226 1747 quae
260 1693 387 1731 verba
417 1708 503 1732 non
536 1691 680 1733 omisit
709 1689 972 1746 Pamphilus.
1030 1691 1258 1744 Nunquam
1290 1703 1389 1740 ergo
1423 1685 1545 1726 dubi-

118 1768 223 1810 tavit
254 1768 471 1821 Origenes,
504 1769 605 1824 quin
636 1767 820 1824 Spiritus
850 1778 1015 1808 sanctus
1044 1784 1127 1808 una
1157 1767 1210 1807 sit
1240 1781 1289 1805 ex
1317 1764 1451 1805 tribus
1482 1762 1546 1803 di-

122 1846 227 1887 vinis
257 1846 464 1902 personis,
495 1845 682 1901 aequalis
711 1845 826 1886 Patri
860 1857 900 1886 et
930 1843 1069 1896 Filio3
1099 1844 1172 1884 sed
1201 1858 1297 1883 cum
1328 1841 1415 1898 ejus
1445 1857 1547 1896 pro-

123 1923 255 1964 cessio
297 1939 382 1963 non
427 1934 512 1962 tam
555 1920 752 1962 distincte
791 1920 832 1961 in
864 1920 1094 1977 Scripturis
1126 1918 1279 1976 exponi
1320 1918 1545 1967 videretur,

123 2017 246 2057 quam
279 1999 494 2052 generatio
526 1998 653 2048 Filii,
702 2014 876 2053 operam
915 1999 956 2039 in
988 1998 1064 2038 hac
1094 2014 1139 2038 re
1170 1997 1456 2048 investiganda
1484 1994 1547 2036 in-

123 2078 371 2118 sumendam
402 2092 491 2117 esse
521 2076 713 2117 ducebat.

239 2155 309 2196 lV.
341 2153 524 2195 Mirifice
564 2154 786 2194 confirmat
824 2151 1121 2209 aequalitatem
1167 2150 1296 2190 trium
1346 2165 1547 2205 persona-

127 2248 235 2281 rum,
268 2242 309 2271 et
337 2230 545 2271 unitatem
576 2231 844 2280 substantiae,
876 2231 992 2286 quod
1024 2229 1081 2270 ait
1098 2228 1140 2284 2)
1177 2227 1381 2279 Origenes
1411 2225 1547 2282 Spiri-

125 2320 217 2349 tum
247 2319 434 2348 sanctum
465 2307 581 2348 Filio
614 2325 759 2361 egere,
789 2315 841 2349 ut
871 2309 931 2349 sz‘t
959 2308 1156 2362 sapiens,
1185 2303 1444 2353 rationalis,
1464 2304 1546 2358 ju-

123 2393 241 2437 stus,
272 2391 317 2426 et
348 2383 564 2440 quidquid
599 2399 701 2427 eum
739 2387 920 2427 omnino
962 2385 1170 2438 cogitare
1208 2389 1254 2423 et
1282 2381 1546 2436 intelligere

125 2468 305 2519 oportet
335 2460 584 2503 secundum
614 2465 1069 2505 communicationem
1098 2457 1276 2501 Christi
1294 2461 1546 2507 notionum,

125 2556 225 2596 quas
267 2550 390 2579 antea
429 2552 754 2583 enumeraverat.
835 2539 1208 2595 Quemadmodum
1263 2551 1361 2589 ergo
1408 2533 1545 2576 Filius

247 2720 285 2776 ¹)
320 2720 407 2761 Cfr.
441 2736 530 2775 cap.
563 2720 596 2767 I,
629 2720 811 2776 Apolog.
843 2719 1069 2776 Pamphili.

243 2789 286 2846 2)
319 2790 407 2831 Cfr.
439 2790 565 2830 Tom.
597 2789 648 2832 II.
679 2791 722 2831 in
751 2793 906 2833 Joann.
937 2807 1051 2831 num.
1085 2788 1124 2833 6.
1167 2787 1267 2830 coll.
1306 2786 1379 2826 ed.
1411 2794 1541 2825 nostr.

129 2846 252 2887 Tom.
285 2846 312 2886 l.
346 2862 436 2901 pag.
471 2846 562 2890 110.
