1759 3125
689 110 925 153 Excunsus
956 113 1006 154 V.
1466 119 1550 165 395

143 238 277 276 νητον
307 219 446 264 αὐτὸν
486 221 584 277 (leg.
619 220 749 277 αὐτὸ)
781 218 895 265 εἶναι.
926 220 1335 282 ὑπολαμβάνοντα,
1367 230 1551 287 δογμα-

142 303 296 353 τίζων,
338 299 453 354 μηδὲ
498 297 659 341 οὐσίαν
698 297 798 342 τινὰ
840 300 966 342 ἰδίαν
1005 298 1260 357 ὑφεστάναι
1295 307 1374 347 τοῦ
1415 305 1551 362 ἁγίου

139 375 410 430 πνεύματος,
444 376 601 431 ἑτέραν
630 376 755 434 παρά
787 374 867 419 τὸν
887 380 1058 432 πατέρα
1086 381 1160 419 καὶ
1182 377 1392 424 τὸνυὶόν.
1420 382 1551 428 Ἀλλά

140 451 254 508 τάχα
287 457 645 509 προστιθέμενος
673 456 853 510 μᾶλλον
884 450 941 496 ἂν
972 453 1124 509 ἕτερον
1152 459 1307 517 νομίζῃ
1328 454 1444 502 εἶναι
1473 461 1554 506 τὸν

139 529 241 573 υἱὸν
271 530 395 587 παρὰ
428 528 507 573 τὸν
537 534 725 587 πατέρα,
760 533 820 587 τῷ
856 528 905 573 τό
937 528 1046 573 αὐτὸ
1069 530 1188 587 αὐτῷ
1219 534 1461 591 τυγχάνειν
1488 543 1551 596 τῷ

136 611 289 663 πατρὶ,
323 606 704 665 ὁμολογουμένως
735 609 991 663 διαιρέσεως
1019 609 1296 665 δηλουμένης
1317 616 1396 656 τοῦ
1419 613 1555 672 ἁγίου

137 683 395 740 πνεύματος
425 683 548 739 παρά
586 684 664 728 τὸν
695 684 798 728 υἱὸν
828 687 877 728 ἐν
915 687 1002 741 τῷ’
1047 682 1188 741 ,,ὃ“ς“)
1228 687 1311 731 ἐάν
1339 694 1441 752 εἴπῃ
1472 692 1554 737 λό-

134 778 222 818 γον
253 761 363 804 κατά
395 765 474 805 τοῦ
516 765 617 805 υἱοῦ
660 765 738 805 τοῦ
769 760 1044 818 ἀνθρώπου,
1082 761 1364 819 ἀφεθήσεται
1404 769 1551 828 αὐτῷ·

138 835 185 887 ὃς
225 836 326 881 (Ϋίἒν
363 837 683 896 βλασφημήσει
731 843 792 888 εἰς
829 837 878 882 τὸ
922 837 1058 895 ἅγιον
1095 844 1301 897 πνεῦμα,
1344 845 1426 902 οὐχ
1467 848 1551 898 ἕξει

136 911 306 973 άᾳεσιν
337 912 437 961 οὕτε
470 917 519 959 ἐν
549 920 609 972 τῷ
645 919 775 959 αἰῶνι
811 915 968 972 τούτῳ,
1003 912 1105 961 οὔτε
1136 918 1186 960 ἐν
1206 922 1267 975 τῷ
1287 925 1552 975 μέλλοντι.“

247 994 324 1035 His
360 993 600 1050 praemissis
642 994 845 1046 Origenes
881 994 1129 1036 sententiam
1168 1011 1287 1037 suam
1325 999 1384 1040 sic
1425 1017 1554 1058 expo-

135 1070 217 1111 nit:
273 1072 484 1129 ”Ημεΐς2)
523 1075 679 1127 μέντοι
727 1087 781 1127 γε
819 1076 936 1128 τρεῖς
972 1070 1245 1122 ὑποστάσεις
1282 1076 1553 1133 πειθόμενοι

135 1147 400 1205 τυγχάνειν,
453 1146 532 1192 τὸν
575 1152 771 1206 πατέρα,
823 1151 899 1191 καὶ
943 1146 1024 1192 τὸν
1054 1149 1168 1205 υἱὸν,
1215 1155 1290 1194 καὶ
1337 1153 1386 1198 τὸ
1418 1154 1554 1213 ἅγιον

135 1229 344 1280 πνεῦμα,
378 1229 454 1268 καὶ
486 1226 738 1283 ἀγέννητον
767 1226 914 1280 μηδὲν
942 1225 1096 1284 ἕτερον
1124 1231 1204 1271 τοῦ
1235 1231 1405 1287 πατρὸς
1435 1231 1552 1280 εἶναι

133 1301 442 1357 πιστεύοντες,
492 1301 551 1351 ὠς
599 1302 914 1359 εὐσεβέστερον
952 1307 1029 1346 καὶ
1069 1304 1232 1360 ἀληθὲς
1267 1315 1553 1366 προσιέμεθα

136 1378 210 1423 τό·
241 1377 430 1423 πάντων
461 1377 537 1422 διά
568 1382 646 1422 τοῦ
670 1377 812 1436 λόγου
829 1385 1106 1440 γενομένων,
1139 1382 1188 1425 τὸ
1208 1381 1346 1441 ἅγιον
1366 1392 1550 1447 πνεῦμα

135 1454 322 1500 πάντων
360 1453 476 1501 εἶναι
512 1456 799 1516 τιμιώτερον,
840 1461 916 1500 καὶ
954 1456 1077 1508 τάξει
1113 1457 1301 1504 πάντων
1338 1465 1430 1507 τῶν
1458 1464 1549 1512 ὑπὸ

134 1538 213 1579 τοῦ
243 1532 413 1593 πατρὸς
441 1534 528 1578 cmc
550 1537 750 1590 Χριστοῦ
781 1541 1114 1592 γεγενημένων.
1173 1541 1267 1581 Καὶ
1295 1537 1410 1597 τάχα
1440 1542 1550 1600 αὕτη

138 1613 260 1656 ἐστὶν
300 1611 324 1666 ἡ
368 1616 486 1655 αῗτία
526 1615 605 1654 τοῦ
653 1610 718 1670 μὴ
763 1615 839 1655 καὶ
886 1612 1098 1658 αὖτουιὸν
1138 1622 1430 1672 χρηματίζειν
1470 1626 1549 1666 τοῦ

135 1692 264 1745 θεοῦ,
300 1686 448 1745 μόνου
478 1692 556 1732 τοῦ
585 1692 870 1745 μονογενοῦς
910 1689 1046 1748 φύσει
1075 1694 1177 1735 υἱοῦ
1209 1693 1411 1752 ἀρχῆθεν
1438 1715 1552 1756 τυγ-

131 1765 371 1824 χάνοντος,
407 1759 459 1811 οὗ
482 1766 795 1827 χρῄζεινέοικε
820 1765 868 1812 τὸ
896 1767 1030 1826 ἅγιον
1046 1772 1243 1826 πνεῦμα,
1278 1774 1551 1821 διακονοῦν-

136 1863 210 1894 τος
240 1845 377 1889 αὐτοῦ
408 1848 459 1905 τῇ
492 1843 766 1900 ὑποστάσει,
815 1846 866 1889 οὐ
894 1845 1045 1905 μόνον
1074 1850 1135 1896 εἰς
1173 1847 1220 1893 τό
1253 1845 1397 1908 εἶναι,
1436 1853 1550 1900 ἀλλὰ

137 1924 214 1965 καὶ
244 1921 397 1980 σοφὸν
436 1919 551 1967 εἶναι
597 1926 672 1966 καὶ
715 1921 905 1980 λογικὸν
946 1927 1023 1967 καὶ
1068 1926 1272 1979 δίκαιον,
1322 1933 1399 1973 καὶ
1437 1936 1550 1990 πᾶν,

138 1999 382 2044 ὀτιποτοῦν
406 1999 496 2057 χρὴ
530 1999 639 2044 αὐτὸ
669 2006 805 2056 νοεῖν,
837 1999 1081 2059 τυγχάνειν
1101 2004 1214 2047 κατὰ
1233 2005 1436 2063 μετοχὴν
1462 2014 1554 2055 τῶν

136 2081 481 2137 προειρημένων
509 2075 621 2133 ἡμῖν
653 2081 853 2135 Χριστοῦ
884 2080 1112 2124 ἐπινοιῶν.

248 2157 464 2197 Habemus
494 2154 536 2195 in
567 2155 629 2196 his
660 2155 798 2197 verbis
829 2169 1064 2199 accuratam
1096 2158 1290 2215 Origenis
1320 2166 1550 2208 sententiae

140 2233 478 2290 explicationem.
537 2233 645 2273 Nam
685 2234 733 2284 I.,
773 2234 981 2290 Spiritum
1018 2248 1207 2277 sanctum
1247 2239 1399 2280 eodem
1429 2259 1551 2285 sensu

139 2309 331 2367 γενητόν
362 2326 447 2351 esse
488 2311 655 2361 asserit,
703 2328 787 2366 quo
835 2313 975 2368 ipsum
1012 2313 1194 2365 Filium;
1239 2316 1391 2357 eodem
1431 2335 1553 2362 sensu

140 2387 373 2441 ingenitum
403 2399 536 2439 negat,
567 2405 652 2444 quo
683 2389 851 2430 Patrem
882 2390 1114 2442 ingenitum
1155 2391 1347 2434 affirmat.
1405 2396 1468 2438 Ex
1500 2415 1551 2440 eo

142 2466 269 2516 enim,
302 2465 417 2521 quod
447 2466 560 2505 solus
590 2466 715 2506 Pater
743 2467 951 2519 ingenitus
988 2468 1063 2518 sit,
1103 2482 1181 2508 nec
1226 2469 1278 2510 dc
1309 2470 1438 2524 Filio,
1476 2492 1555 2517 nec

143 2545 195 2584 de
235 2543 360 2584 Patre
406 2542 518 2582 idem
565 2542 647 2583 dici
685 2559 810 2598 posse
850 2543 1077 2586 concludit.
1145 2546 1202 2586 At
1231 2548 1427 2600 profecto
1460 2568 1556 2593 cum

141 2621 311 2661 Patrem
341 2619 482 2660 solum
511 2618 741 2671 ingenitum
772 2620 888 2671 dicit,
917 2636 1002 2662 non
1031 2622 1171 2662 solum
1201 2639 1249 2663 ex
1279 2624 1413 2667 nihilo
1447 2644 1559 2670 crea-

266 2774 303 2829 »)
335 2773 485 2814 Matth.
515 2771 615 2823 ΧΠ,
645 2772 712 2816 32.

263 2844 307 2899 ²)
340 2843 424 2885 cfr.
460 2844 524 2885 ed.
555 2855 684 2886 nostr.
715 2844 840 2909 Tom.
873 2846 903 2887 Ι.
935 2861 1028 2902 pag.
1064 2845 1156 2890 109·
1189 2846 1281 2892 110.
