1759 3125
255 56 340 102 206
671 51 810 92 Psrm
851 51 1065 94 DANmms
1096 50 1260 93 HUETn

260 172 312 211 «Ic
343 167 492 210 Trinit.
527 180 616 220 cap.
648 164 713 207 17.
773 163 900 206 Sicut
930 165 1115 205 unicum
1147 164 1237 206 Dei
1265 163 1459 207 Verbum
1490 167 1679 221 proprie

255 257 470 289 vocamus
498 245 677 284 nomine
707 240 999 297 Sapientiae,
1040 254 1140 282 cnm
1177 244 1237 283 sz‘t
1281 241 1607 283 universaliter
1635 248 1682 283 et

256 326 459 381 Spiritus
487 326 700 370 sanctus,
739 326 784 360 et
814 319 961 360 Pater
1000 319 1101 374 ipsa
1130 317 1371 374 Sapientia
1382 337 1397 369 ;
1434 321 1506 360 ita
1535 318 1679 373 Spiri-

261 410 333 444 tus
369 406 559 441 sanctus
591 398 779 453 proprie
828 401 1128 450 nuncupatur
1169 392 1384 436 vocabulo
1435 395 1678 450 Caritatis,

258 491 360 521 cum
389 479 448 518 εῖτ
477 473 802 516 universaliter
835 471 1023 514 Caritas
1052 479 1098 513 et
1128 472 1274 513 Pater
1303 479 1349 514 et
1379 471 1536 515 Filius.

368 554 467 595 Pari
497 552 627 592 modo
672 550 901 605 excipimus
932 548 1181 604 petitionem
1213 550 1408 598 alteram,
1450 550 1681 605 superioris

256 632 381 689 hujus
411 631 594 672 affinem.
667 627 872 682 Queritur
912 626 1159 667 Athanasius
1200 626 1245 666 in
1284 625 1434 667 Matth.
1461 626 1568 676 XII,
1598 626 1679 676 32„

257 722 423 766 putasse
455 707 683 758 Origenem
723 714 895 759 peccata
934 702 976 743 in
1019 703 1228 759 Spiritum
1270 715 1460 744 sanctum
1500 719 1547 744 ea
1579 719 1680 753 esse,

258 803 364 844 quae
396 796 494 841 post
522 782 778 837 baptismum
809 780 1099 822 admittuntur.
1158 782 1325 837 Nempe
1366 798 1462 821 cum
1502 780 1545 822 in
1588 797 1678 822 san-

258 866 334 906 mis
366 875 407 903 et
437 860 681 904 Christianis
711 860 850 900 solum
891 858 1058 914 operari
1099 857 1307 913 Spiritum
1346 870 1536 900 sanctum
1568 858 1682 899 dixe-

257 946 326 996 rit,
359 939 560 996 sequitur,
593 954 688 977 cum
719 948 897 992 peccant
916 935 1011 992 ipsi,
1042 947 1217 991 peccato
1238 935 1429 991 ipsorum
1449 952 1538 977 eam
1559 951 1681 992 prae-

260 1022 384 1076 cipue
418 1015 582 1057 offendi
613 1014 830 1055 Trinitatis
861 1030 1110 1069 personam,
1161 1029 1267 1069 quae
1311 1013 1355 1054 in
1385 1013 1435 1054 iis
1468 1025 1681 1069 operatur,

258 1097 466 1153 Spiritum
495 1108 649 1146 nempe
689 1103 892 1133 sanctlun.
958 1093 1055 1132 Non
1096 1091 1278 1131 multum
1315 1091 1414 1131 inde
1455 1091 1683 1131 abludebat

257 1173 538 1220 Novatianus,
586 1169 877 1210 remissionem
915 1181 1188 1225 peccatorum
1228 1169 1354 1224 lapsis
1395 1166 1573 1208 concedi
1610 1183 1683 1207 ne-

259 1270 372 1306 gans,
405 1250 521 1306 quod
556 1247 894 1287 Christianorum
933 1245 1118 1302 peccatis
1158 1245 1323 1286 offendi
1353 1244 1561 1300 Spiritum
1590 1260 1683 1285 san—

261 1343 375 1371 ctum
412 1327 595 1375 diceret,
635 1323 751 1377 cujus
784 1323 1042 1364 offensiones
1072 1340 1150 1365 nec
1180 1323 1225 1363 in
1256 1323 1337 1363 hoc
1368 1323 1535 1362 saeculo
1554 1353 1564 1372 ,
1603 1337 1681 1362 nec

257 1407 301 1447 in
339 1407 485 1446 futuro
535 1401 695 1442 remitti
736 1401 923 1442 Christus
965 1401 1123 1441 docuit.
1191 1401 1277 1442 Sed
1323 1399 1685 1455 quemadmodum

260 1485 304 1525 in
355 1478 599 1524 Christianis
651 1478 818 1534 operari
869 1476 1048 1518 credidit
1091 1475 1295 1529 Origenes
1334 1488 1418 1517 tres
1464 1475 1681 1516 Trinitatis

258 1576 482 1617 personas,
521 1556 683 1597 etiamsi
724 1554 917 1611 operatio
958 1554 1061 1595 haec
1101 1553 1281 1610 Spiritui
1321 1565 1464 1594 sancto
1504 1553 1680 1609 proprie

258 1637 391 1679 tribui
422 1636 585 1677 soleat:
622 1634 681 1675 ita
716 1632 1052 1675 Christianorum
1081 1631 1265 1688 peccatis
1295 1643 1391 1687 post
1421 1632 1680 1687 baptismum

257 1714 461 1760 admissis,
491 1710 603 1752 laedi
634 1710 810 1766 proprie
840 1711 979 1766 ipsum
1008 1710 1136 1760 dixit,
1160 1708 1349 1766 quamvis
1379 1707 1544 1748 Filium
1575 1724 1681 1764 quo-

259 1809 341 1849 que
373 1803 414 1831 et
442 1790 611 1831 Patrem
645 1790 794 1830 iisdem
826 1788 992 1829 offendi
1020 1788 1074 1829 sit
1103 1787 1336 1828 arbitratus.

369 1868 532 1910 XXIX.
590 1867 705 1908 Illud
735 1878 952 1923 praeterea
989 1866 1032 1907 in
1071 1865 1255 1918 Origene
1299 1864 1513 1920 culpatum
1554 1862 1681 1903 fuisse
1715 1914 1726 1925 ι

260 1956 568 1987 commemorat
606 1947 859 2001 Anonymus
894 1944 990 1994 ille,
1044 1959 1170 1999 quem
1206 1958 1286 1998 pro
1328 1957 1379 1980 eo
1420 1939 1678 1994 Apologiam

259 2023 472 2079 scripsisse
509 2020 638 2061 tradit
673 2021 852 2061 Photius
894 2021 999 2064 Cod.
1033 2020 1152 2070 117.,
1193 2019 1308 2073 quod
1346 2017 1504 2058 Filium
1543 2017 1680 2057 neuti-

259 2118 385 2158 quam
418 2098 700 2139 invocandum
739 2113 827 2137 esse
865 2096 1214 2154 pronuntiaverit.
1284 2094 1462 2136 Minime
1504 2094 1680 2150 quidem

260 2178 466 2219 orandum
498 2191 592 2215 cum
622 2174 746 2214 Patre
776 2174 961 2226 Filium,
998 2190 1085 2214 non
1126 2183 1266 2213 autem
1302 2171 1554 2228 simpliciter
1589 2188 1677 2213 non

260 2256 466 2296 orandum
505 2251 678 2293 sensisse
717 2251 945 2303 Origenem
980 2261 1120 2290 narrat
1156 2249 1413 2302 Augustinus
1451 2250 1575 2291 Haer.
1605 2249 1672 2294 43.

256 2335 308 2374 ad
341 2332 473 2387 Quod
503 2330 595 2370 vult
625 2329 773 2378 deum,
812 2339 852 2368 et
884 2344 958 2367 cur
987 2327 1044 2367 ita
1072 2326 1269 2379 senserit,
1310 2343 1496 2367 caussam
1527 2327 1672 2367 affert:

256 2410 389 2453 Dicit
407 2415 677 2464 praeterea,
708 2405 857 2461 inquit,
889 2406 981 2460 ipse
1001 2403 1240 2459 Origenes,
1271 2402 1391 2459 quod
1407 2403 1554 2446 Filius
1582 2403 1678 2445 Dei

256 2489 432 2528 sanctis
463 2484 718 2526 homenibus
748 2489 1056 2538 comparatus,
1086 2484 1259 2523 veritas
1287 2483 1374 2531 sc't5
1404 2481 1548 2522 Patri
1575 2481 1671 2522 col-

258 2567 384 2607 latus
413 2561 725 2609 mendacrum
754 2567 800 2602 et
830 2566 1053 2614 quantum
1083 2558 1264 2601 distant
1293 2559 1504 2615 Apostoll
1532 2557 1670 2600 Clzrc'-

257 2650 344 2693 sta,
374 2648 560 2683 tantam
589 2638 734 2681 Fc'lc‘ns
763 2638 915 2679 Patri.
982 2635 1111 2680 Unde
1142 2650 1225 2678 nec
1255 2633 1458 2677 orandus
1487 2643 1556 2676 est
1585 2635 1671 2677 Fa·-

259 2721 346 2762 lc’us
376 2731 476 2759 cum
505 2717 673 2766 Patre,
715 2717 822 2770 qula
862 2728 951 2756 non
984 2722 1149 2757 auctor
1180 2721 1248 2756 est
1278 2710 1673 2770 indulgentiarum

256 2799 555 2854 petitionum,
605 2792 686 2835 sed
718 2793 1011 2849 supplicator.
1090 2792 1324 2848 Utramque
1362 2790 1671 2833 accusationem
