1759 3125
656 120 894 163 Excunsus
925 122 995 162 lV.
1451 120 1530 164 391

111 237 189 277 bus
216 235 275 277 ita
303 244 526 291 praestare,
556 243 603 273 ut
632 231 735 273 haec
763 231 1014 288 praestantia
1055 231 1233 288 exprimi
1262 248 1349 271 non
1380 231 1527 287 possit.

108 312 310 354 Nondum
341 309 564 360 examinat,
604 325 688 365 quo
728 325 852 349 sensu
880 307 1017 366 major
1045 310 1100 349 sit
1126 309 1273 350 Pater:
1315 323 1407 348 eam
1436 323 1527 347 rem

105 390 236 444 paulo
266 398 364 443 post
394 386 710 427 examinandam
739 384 953 441 relinquit.
1022 384 1165 439 Quare
1203 384 1363 426 Filium
1393 400 1416 424 a
1445 384 1506 424 Pa

104 476 170 506 tre
198 463 329 516 magis
360 463 561 519 superari,
593 479 718 518 quam
747 477 813 502 res
846 473 1000 502 creatas
1031 477 1054 502 a
1086 461 1226 512 Filio,
1266 477 1354 502 non
1384 460 1526 501 solum

104 541 252 582 inutile
284 542 401 581 dictu
426 540 584 590 fuisset,
615 541 690 581 sed
721 539 847 581 etiam
876 539 1070 595 ineptum
1102 551 1143 579 et
1173 539 1412 579 absurdum.
1471 537 1526 576 ll-

100 618 190 659 lum
222 617 333 659 enim
364 617 416 658 ad
447 633 511 658 res
544 628 700 658 creatas
729 618 1001 667 amandasset,
1030 628 1120 657 tum
1154 632 1249 656 cum
1279 615 1403 655 illum
1433 613 1524 654 vult

101 710 125 736 a
152 696 279 735 rebus
310 693 459 735 creatis
491 693 739 750 disjungere.
784 694 1007 734 Praeterea
1025 708 1112 733 non
1143 692 1325 745 dixisset,
1356 690 1520 731 Filium

99 771 267 824 longius
307 787 330 811 a
368 770 494 811 Patre
535 771 712 821 distare,
762 786 887 826 quam
934 787 958 811 a
994 768 1357 826 praestantissimis
1394 769 1520 808 rebus

98 848 260 899 creatis,
291 848 366 889 sed
395 848 624 900 generatim
654 864 677 888 a
704 849 830 889 rebus
862 847 1021 888 creatis.
1079 849 1135 888 At
1173 846 1207 887 si
1234 846 1293 886 ita
1321 846 1521 897 legamus,

96 937 145 967 ut
173 925 399 979 legendum
431 940 519 966 esse
550 924 778 974 contendo,
807 924 934 980 plana
964 937 1085 965 erunt
1116 923 1270 972 omnia,
1303 933 1344 962 et
1369 920 1520 972 Orige-

95 1003 160 1045 nis
191 1001 432 1059 proposito,
464 1000 537 1056 qui
565 1012 680 1041 totus
712 1013 775 1042 est
798 1001 840 1042 in
864 1002 1146 1058 praedicanda
1167 998 1394 1042 Salvatoris
1431 1013 1520 1037 ma-

93 1079 255 1137 jestate,
283 1077 510 1119 haerentia.
568 1079 668 1118 Non
699 1090 840 1119 tamen
882 1078 1155 1128 crediderim,
1195 1092 1365 1116 manum
1397 1075 1518 1115 Aria-

93 1173 190 1198 nam
228 1154 351 1213 hujus
383 1155 651 1210 corruptelae
689 1168 907 1196 auctorem
946 1156 1085 1198 fuisse.
1153 1153 1424 1194 Probabilius
1455 1162 1517 1191 est

93 1233 312 1274 voculam:
353 1230 427 1281 οὐ,
470 1243 518 1272 ut
545 1248 670 1288 saepe
710 1233 809 1273 alias
840 1232 1002 1281 evenit,
1043 1230 1244 1271 excidisse
1274 1228 1435 1269 incuria
1465 1226 1518 1267 li-

93 1309 354 1351 brariorum:
397 1319 438 1348 et
467 1308 564 1364 quia
601 1321 828 1365 repugnat,
859 1320 908 1349 ut
932 1324 997 1349 res
1026 1308 1167 1363 aliqua
1199 1323 1331 1362 aeque
1361 1322 1383 1346 a
1414 1306 1512 1346 Deo

93 1387 220 1429 distet
248 1402 295 1427 ae
325 1401 348 1426 a
374 1387 499 1426 rebus
530 1385 691 1436 creatis,
721 1402 852 1426 unum
883 1385 1070 1441 aliquem
1097 1400 1144 1424 ex
1168 1400 1319 1436 magno
1338 1382 1513 1422 illorum

91 1479 294 1514 numero,
342 1461 414 1519 qui
453 1461 648 1514 Origenis
687 1464 823 1503 famae
861 1463 986 1503 amici
1016 1478 1104 1502 non
1144 1473 1281 1511 erant,
1319 1460 1513 1518 injecisse

90 1542 163 1582 has
192 1555 337 1581 voces:
378 1537 404 1592 ἢ
435 1542 510 1581 καὶ
540 1541 705 1592 πλέον,
744 1540 812 1580 vel
849 1540 999 1580 saltem
1036 1541 1089 1580 ad
1117 1538 1347 1591 marginem
1377 1553 1513 1593 appo—

90 1618 235 1669 suisse,
264 1617 375 1658 unde
407 1615 450 1656 in
482 1626 726 1656 contextum
756 1615 1028 1672 irrepserunt.
1074 1617 1124 1658 V.
1157 1616 1200 1658 Si
1235 1615 1327 1671 quis
1359 1616 1511 1656 ceden-

91 1698 193 1739 dum
221 1711 308 1736 non
339 1704 461 1750 putet
490 1692 555 1733 his
584 1693 797 1734 rationum
829 1694 1071 1744 momentis,
1102 1693 1244 1734 audiat
1276 1693 1507 1745 Origenem

85 1775 226 1832 ipsum
262 1772 411 1814 eadem
450 1771 503 1811 de
540 1787 586 1811 re
623 1782 835 1823 agentem,
876 1783 916 1812 et
957 1783 1159 1827 corrupto
1199 1770 1415 1811 contextui
1451 1769 1511 1811 ita

87 1854 380 1904 refragantem,
410 1860 459 1889 ut
488 1847 638 1888 vulnus
677 1865 752 1889 suo
792 1848 923 1904 ipsius
960 1848 1206 1890 testimonio
1246 1858 1374 1888 sanet.
1435 1847 1508 1889 Sic

86 1929 215 1983 igitur
245 1927 436 1983 loquitur
464 1926 588 1967 Tom.
619 1926 714 1967 XV.
756 1925 801 1966 in
830 1927 982 1969 Matth.
1021 1943 1136 1968 num.
1170 1925 1236 1968 10.
1294 1929 1388 1968 Καὶ
1419 1923 1442 1967 ὁ
1467 1925 1505 1981 ¹)

87 2004 236 2064 σωτήρ
267 2005 333 2059 δὲ,
367 2001 425 2052 ὥς
453 2003 576 2047 ἐστιν
606 2000 776 2057 „eimau
792 2003 834 2058 ²)
876 2007 953 2046 τοῦ
993 2006 1105 2048 θεοῦ
1146 2005 1224 2046 τοῦ
1259 1999 1506 2061 ἀοράτου,“

90 2082 230 2132 οὕτως
259 2084 440 2135 καὶτῆς
471 2077 808 2136 ἀγαθότητος3)
850 2080 988 2123 αὐτοῦ
1029 2078 1178 2125 εἰκών.
1247 2084 1340 2122 Καὶ
1379 2096 1504 2123 παν-

86 2161 162 2211 τὸς
190 2160 240 2203 δὲ
268 2161 347 2202 τοῦ
378 2155 706 2213 ὑποδεεστέρου
739 2149 773 2214 ᾦ
805 2157 1105 2214 ἒφαρμόζεται
1136 2157 1160 2212 ἡ
1194 2156 1502 2215 ,,εἰγαθὸν“4)

89 2235 246 2298 φωνὴ,
281 2231 389 2278 ἄλλο
422 2232 763 2290 σημαινόμενον
802 2236 892 2291 ἔχει
937 2233 986 2278 τὸ
1028 2235 1093 2279 ἐπ’
1129 2236 1267 2278 αὐτοῦ
1307 2233 1502 2290 λεγόμε-

89 2329 195 2361 νον·
226 2317 351 2368 εἴπερ
383 2310 442 2359 ὠς
468 2312 557 2368 μὲν
585 2309 698 2367 πρὸς
726 2310 807 2355 τὸν
844 2316 1017 2369 πατέρα
1058 2310 1190 2357 εἰκών
1230 2313 1350 2355 ἔστιν
1381 2312 1502 2368 ἀγα-

86 2391 291 2447 θότητος,
324 2386 383 2437 ὠς
413 2389 462 2432 δὲ
493 2387 608 2447 πρὸς
636 2387 689 2432 τὰ
720 2388 872 2444 λοιπὰ,
908 2388 1019 2449 ὅπερ
1047 2389 1072 2444 ἡ
1096 2393 1174 2433 τοῦ
1195 2388 1364 2447 πατρὸς
1382 2389 1501 2446 ἀγα-

89 2467 226 2525 θότης
254 2466 368 2524 πρὸς
397 2463 560 2510 αὐτόν’
601 2463 629 2522 ἢ
668 2470 746 2511 καὶ
785 2466 964 2525 μᾶλλόν
993 2467 1091 2510 ἐστί
1117 2483 1217 2510 τινα
1248 2466 1503 2524 ἀναλογίαν

211 2652 252 2707 ¹)
284 2650 368 2692 Cfr.
401 2648 466 2690 ed.
498 2659 627 2690 nostr.
659 2648 784 2691 Tom.
818 2650 892 2690 111.
925 2665 1012 2705 pag.
1046 2648 1142 2692 346.
1173 2648 1267 2694 347.

206 2723 250 2776 ²)
283 2720 444 2762 Coloss.
477 2719 511 2769 I,
542 2719 607 2762 15.
725 2721 767 2775 ³)
800 2720 897 2774 Sap.
931 2718 1090 2760 Salom.
1122 2721 1217 2770 Vll,
1247 2720 1314 2763 26.

93 2791 251 2892 XVH41)
285 2790 373 2891 1C9fr.
405 2789 554 2830 Matth.
597 2789 724 2844 XlX,
772 2790 835 2833 17.
876 2790 977 2831 coll.
1016 2791 1147 2832 Marc.
1186 2792 1248 2841 X,
1302 2790 1364 2834 18.
1399 2793 1498 2832 Luc.
