1759 3125
259 101 345 148 386
804 94 1041 137 Excunsus
1067 95 1146 138 ΠΙ.

257 215 406 259 Filius
435 212 643 254 Patrem.
704 208 853 251 Pater
882 221 986 250 vero
1019 209 1174 249 onmia
1203 205 1558 265 comprehendit.
1612 207 1688 250 In-

259 299 334 334 ter
365 291 521 331 omnz'u
552 293 710 329 autem
740 292 785 327 et
816 285 961 329 Filius
989 291 1082 334 est,·
1120 297 1233 341 ergo
1272 292 1319 327 et
1357 285 1528 328 Filium
1570 298 1687 326 com-

254 365 515 426 prehendit.
574 364 795 405 Postrema
825 364 952 403 verba
983 361 1145 402 Graece
1177 364 1290 418 apud
1319 363 1604 405 Justinianum
1631 362 1690 404 sic

258 447 478 499 leguntur:
525 445 583 484 Et
618 443 666 485 δὲ
701 439 722 484 ὁ
757 440 902 496 πατὴρ
936 440 1190 496 ἐμπεριέχει
1220 440 1274 482 ’ιὰ
1309 438 1484 495 πάντα,
1517 443 1608 483 τῶν
1638 441 1688 483 δὲ

258 520 450 566 πάντων
484 520 607 562 ἐστὶν
639 517 660 561 ὁ
694 516 804 571 υἱός,
840 520 996 570 δῆλον,
1047 515 1112 560 ὅτι
1144 520 1222 559 καὶ
1252 516 1331 559 τὸν
1361 517 1478 560 υἱόν.
1539 518 1686 559 Unita-

259 612 348 642 tem
380 596 582 638 essentiae
623 607 663 636 et
701 594 998 651 aequalitatem
1038 593 1080 633 in
1121 594 1246 634 Patre
1286 605 1329 634 et
1360 594 1476 635 Filio
1508 596 1687 636 mirifice

263 675 438 732 exponit
471 673 698 725 Origenes,
731 673 830 712 dum
860 671 1033 711 Patrem
1073 686 1095 710 a
1126 670 1241 711 Filio
1275 672 1580 727 comprehendi
1610 684 1690 712 sta-

259 754 356 805 tuit,
389 751 487 808 quia
516 751 644 791 Pater
673 749 715 790 in
746 748 862 789 Filio
897 760 970 789 est.
1028 748 1199 789 Patrem
1242 765 1340 802 ergo
1381 749 1424 789 in
1452 748 1569 789 Filio
1602 764 1689 789 esse

265 831 486 878 credebat,
531 843 616 867 non
664 825 760 881 quia
800 827 915 867 Patri
952 825 1090 866 Filius
1132 825 1302 876 obedit,
1340 827 1415 867 sed
1446 826 1543 882 quia
1573 825 1689 867 Filio

262 910 390 950 Pater
405 917 540 947 totam
566 903 751 944 divinam
773 903 1047 944 substantiam
1069 903 1309 956 generando
1328 903 1515 944 tradidit.
1565 903 1690 943 Unde

261 984 480 1027 scientiam
526 993 568 1021 et
612 980 862 1035 sapientiam
916 980 959 1020 in
1010 992 1193 1037 utroque
1242 981 1463 1037 aequalem
1506 979 1693 1032 agnoscit

261 1061 483 1114 Origenes,
514 1075 562 1099 ac
593 1058 703 1099 illud
734 1069 894 1098 tantum
929 1057 1320 1114 comprehensionis
1342 1075 1483 1110 genus,
1515 1074 1599 1114 quo
1621 1074 1690 1110 ge-

263 1140 399 1181 nitum
432 1136 757 1192 comprehendit
788 1135 966 1188 genitor,
998 1153 1020 1177 a
1050 1136 1167 1176 Filio
1201 1147 1406 1176 removet.

381 1216 529 1257 Altero
561 1213 605 1254 in
636 1215 748 1263 loco,
781 1214 854 1269 qui
876 1214 918 1253 in
942 1212 1082 1268 primo
1106 1212 1158 1252 de
1178 1211 1365 1268 Princip.
1398 1212 1508 1252 libro
1541 1228 1630 1267 cap.
1650 1210 1689 1254 3.

261 1309 376 1335 num.
409 1293 447 1334 5.
481 1302 632 1340 exstat,
671 1291 855 1331 similem
896 1290 1097 1329 habemus
1137 1304 1417 1344 personarum
1455 1288 1692 1329 distinctio-

261 1387 375 1419 nem,
405 1367 608 1409 nimirum
638 1368 682 1408 in
714 1384 764 1408 eo
796 1367 1004 1423 positam,
1037 1367 1155 1421 quod
1184 1365 1322 1406 Filius
1351 1366 1502 1417 Patre,
1541 1368 1597 1407 ob
1627 1382 1693 1407 ra·

261 1448 427 1490 tionem
459 1444 647 1498 originis,
679 1456 720 1486 et
751 1444 936 1501 Spiritus
966 1455 1132 1485 sanctus
1159 1442 1277 1485 Filio
1308 1443 1451 1484 minor
1479 1444 1546 1489 sit.
1595 1442 1692 1487 “On

264 1525 286 1571 ὁ
318 1526 407 1583 μὲν
434 1522 542 1572 θεὸς
572 1525 650 1566 καὶ
677 1523 854 1581 πατὴρ,
894 1525 1098 1579 συνέχων
1127 1519 1182 1564 τὰ
1214 1519 1388 1573 πάντα,
1425 1521 1601 1579 φθάνει
1630 1524 1692 1570 εἰς

266 1603 459 1647 ἕκαστον
488 1602 579 1643 τῶν
611 1595 775 1656 ὄντων,
818 1598 1093 1657 μεταδιδοὺς
1130 1596 1305 1655 ἑκάστῳ
1335 1598 1427 1644 ἀπὸ
1457 1603 1537 1644 τοῦ
1567 1600 1690 1643 ιδίου

263 1680 313 1725 τὸ
347 1676 478 1725 εἶναι.
528 1675 618 1721 ’Ὼν
654 1676 745 1737 γάρ
786 1679 925 1723 ἔστιν.
981 1675 1209 1722 Ἐλάττων
1249 1679 1300 1722 δὲ
1339 1677 1454 1737 πρὸς
1483 1677 1565 1722 τὸν
1592 1696 1689 1722 πα-

262 1763 367 1815 τέρα
400 1755 422 1801 ὃ
455 1755 552 1806 υἱὸς
582 1755 785 1815 φθάνων
817 1757 894 1800 ἐπὶ
921 1754 1046 1812 μόνα
1076 1753 1131 1798 τὰ
1152 1753 1341 1812 λογικά·
1373 1755 1581 1814 δεύτερος
1599 1755 1691 1816 γάρ

264 1836 359 1880 ἐστι
390 1837 468 1878 τοῦ
509 1833 696 1894 πατρός.
760 1830 860 1878 ''E-cc
890 1835 941 1879 δὲ
979 1825 1115 1889 ἧττον
1154 1832 1204 1876 τὸ
1243 1836 1429 1888 πνεῦμα
1465 1833 1516 1878 τὸ
1554 1832 1692 1892 ἅγιον

264 1914 342 1957 ἐπὶ
370 1910 543 1964 μόνους
573 1910 677 1962 τούς
701 1910 862 1969 ἁγίους
882 1909 1222 1967 ὃιϊκνούμενον.
1260 1908 1397 1956 “stow
1418 1910 1533 1957 κατὰ
1554 1916 1687 1958 τοῦτο

263 1994 429 2048 μείζων
460 1988 486 2045 ἡ
520 1987 717 2048 δύναμις
754 1993 832 2035 τοῦ
871 1986 1043 2050 πατρὸς
1071 1987 1199 2047 παρὰ
1240 1988 1321 2033 τὸν
1359 1989 1487 2046 υἱὸν,
1529 1990 1686 2035 καὶτὸ

263 2071 448 2124 πνεῦμα
491 2065 541 2110 τὸ
581 2064 735 2123 ἅγιον.
804 2070 987 2111 Πλείων
1024 2067 1075 2109 δὲ
1123 2063 1148 2119 ἦ
1195 2069 1275 2110 τοῦ
1323 2070 1426 2111 υἱοῦ
1464 2067 1592 2127 παρὰ
1633 2067 1685 2112 τὸ

263 2149 450 2202 πνεῦμα
478 2142 529 2186 τὸ
561 2142 711 2200 ἅγιον.
771 2147 863 2187 Καὶ
901 2142 1043 2187 πάλιν
1081 2144 1367 2203 διαφέρουσα
1393 2148 1575 2204 μᾶλλον
1604 2149 1685 2190 τοῦ

264 2222 401 2278 ἁγίου
437 2221 697 2278 πνεύματος
735 2219 758 2274 ἡ
802 2219 1000 2277 δύναμις
1038 2219 1164 2276 παρὰ
1203 2220 1257 2264 τὰ
1298 2218 1412 2265 ἄλλα
1451 2221 1576 2279 ἅγια.
1641 2223 1689 2266 Si

263 2302 351 2342 sine
381 2301 506 2341 Patre
538 2299 808 2340 rationabilia
837 2315 860 2339 a
889 2298 1004 2340 Filio
1035 2297 1282 2348 illuminari,
1311 2311 1453 2341 sancta
1482 2316 1506 2341 a
1523 2300 1687 2357 Spiritu

261 2378 513 2420 sanctificari
543 2376 702 2419 diceret
731 2377 958 2429 Origenes,
1005 2375 1161 2416 merito
1200 2375 1244 2417 in
1281 2389 1470 2419 sanctam
1503 2378 1687 2421 Trinita-

260 2468 349 2497 tem
377 2454 606 2512 injuriosus
643 2455 881 2503 videretur,
925 2464 1050 2508 atque
1099 2454 1211 2495 haud
1254 2453 1343 2495 scio
1381 2471 1434 2496 an
1471 2455 1612 2512 ipsum
1640 2457 1685 2499 in

260 2534 431 2575 Patrem
460 2532 716 2589 injuriosior.
776 2532 863 2574 Sed
891 2530 933 2570 in
965 2546 1016 2570 eo
1047 2531 1166 2571 nulla
1205 2530 1328 2587 hujus
1366 2535 1521 2576 erroris
1549 2536 1684 2593 suspi-

264 2612 330 2653 cio
362 2612 539 2651 residet:
572 2627 619 2651 ac
647 2609 782 2650 Patris
815 2608 1014 2649 virtutem
1045 2608 1087 2648 in
1117 2609 1199 2650 hoc
1229 2621 1393 2652 tantum
1421 2613 1578 2655 virtute
1607 2615 1682 2657 Fi-

263 2690 311 2730 lii
343 2701 383 2730 et
423 2689 607 2744 Spiritus
646 2687 851 2746 majorem
894 2685 996 2726 dicit
1034 2697 1075 2726 et
1112 2686 1236 2728 latius
1278 2700 1517 2744 patentem,
1564 2693 1680 2748 quod

259 2783 353 2807 cum
385 2765 655 2806 rationabilia
684 2780 708 2804 a
735 2763 851 2804 Filio
881 2762 1115 2811 rationem,
1155 2776 1296 2806 sancta
1333 2782 1356 2806 a
1395 2767 1558 2823 Spiritu
1588 2785 1679 2810 san—

259 2844 445 2885 ctitatem
476 2843 697 2897 accipiant,
728 2841 863 2881 Filius
894 2856 914 2879 a
947 2840 1084 2889 Patre,
1118 2842 1299 2896 Spiritus
1330 2860 1351 2883 a
1384 2844 1508 2885 Patre
1540 2858 1581 2886 et
1602 2847 1674 2887 Fi-
