1759 3125
447 100 834 142 OmGEmANORUM
865 98 1008 137 Lmen
1038 96 1093 136 II.
1377 95 1458 140 113

50 234 136 258 non
185 230 331 271 parum
386 213 671 253 deformatum
718 206 939 264 reperitur.
1026 206 1247 248 Praeterea
1298 208 1457 250 idcirco

50 293 254 332 mundum
285 290 381 330 Deo
414 299 685 329 coaeternum
716 284 941 327 credidisse
981 282 1103 324 illum
1131 284 1263 324 refert
1290 284 1461 325 Metho-

49 369 140 409 dius
170 367 282 423 apud
310 367 511 408 Photium
543 365 649 406 Cod.
679 362 799 412 235„
843 362 958 417 quod
987 377 1155 416 semper
1181 360 1309 402 fuerit
1337 377 1460 404 παν-

48 442 289 502 τοκράτωρ,
318 443 493 483 minime
524 453 664 482 autem
696 436 1042 496 παντοκράτορα
1078 455 1165 479 esse
1195 454 1320 494 posse
1350 434 1458 483 ἄνευ

48 525 137 565 τῶν
180 523 523 580 κρατουμένων·
577 519 702 559 Unde
741 516 930 572 sequitur
971 515 1308 571 omnipotentem
1356 530 1457 567 esse,

46 614 130 639 non
163 598 278 653 quod
310 597 449 638 omnia
479 595 614 652 possit
642 594 823 643 efficere,
853 593 926 634 sed
957 593 1075 648 quod
1104 591 1146 632 in
1170 591 1322 643 omnia,
1354 609 1459 649 quae

47 686 163 724 sunt,
206 685 462 730 potestatem
500 673 662 712 habeat.
728 669 904 711 Rufinus
941 669 1200 711 Palaestinas
1238 668 1282 709 in
1310 669 1458 710 libello

48 752 100 792 de
130 752 241 802 fide,
273 768 398 807 quem
429 749 562 791 edidit
592 748 864 790 sirmondus:
905 745 1068 802 Impie:
1096 745 1254 802 inquit,
1295 746 1458 803 Orzg‘e-

47 841 147 879 nes,
189 841 246 870 ac
275 827 460 881 nefarie
477 825 620 880 fatus
649 831 740 874 est,
780 825 859 880 que·
883 825 947 865 εἰσ
976 821 1124 866 dixit:
1162 827 1265 865 Non
1304 825 1459 868 omnia

46 916 162 959 quae
189 903 333 945 voluit
360 903 487 945 Deus
511 900 659 956 fecit,
697 897 780 942 sed
814 912 871 941 ea
909 906 1120 956 tantum,
1160 913 1276 956 qaae
1304 902 1462 957 potuit

47 982 295 1031 continere,
326 987 373 1022 et
392 975 788 1035 comprehendere,
837 977 1041 1029 Quicum
1072 976 1154 1019 hoc
1182 976 1321 1032 delvit,
1352 975 1460 1019 ade-

45 1061 130 1100 mt't
160 1058 360 1100 Domino
392 1063 661 1099 cunctorum
684 1057 961 1111 potentiam,
990 1056 1123 1110 quasi
1147 1067 1208 1097 ex
1230 1062 1373 1112 parte
1393 1053 1460 1097 de·-

45 1133 190 1176 mz'dc'a
231 1137 277 1177 ez·
299 1132 522 1190 faciende·
551 1139 759 1189 potestas
796 1129 1007 1176 daretur.
1074 1135 1196 1175 Nam
1241 1134 1286 1174 εἰ
1319 1134 1462 1174 conte·-

47 1211 201 1266 nendt,
233 1225 289 1254 ac
317 1213 409 1254 sz'bz’
434 1223 549 1267 quae
566 1210 763 1265 faceret
788 1207 1078 1265 subjugandi
1101 1221 1193 1251 non
1223 1208 1379 1265 habet,
1409 1217 1463 1252 nt

46 1289 122 1331 ille
152 1290 394 1339 aestimat,
422 1286 736 1342 facultatem,
775 1299 833 1327 ne
864 1284 1060 1328 creanda·
1085 1284 1264 1342 quidem
1292 1287 1463 1330 scilicet

43 1373 319 1422 potestatem
351 1364 548 1407 habebit.
593 1364 716 1407 Nam
744 1365 823 1420 qm·
851 1361 1047 1405 creandi
1058 1363 1351 1418 facultatem
1382 1363 1463 1407 Iza-

50 1445 138 1497 bet,
170 1451 215 1484 et
245 1440 534 1499 subjuganda·
557 1443 649 1483 se‘bz'
673 1447 836 1483 creata
864 1441 1078 1482 similiter
1108 1439 1306 1483 habebit.

159 1521 239 1563 III.
300 1520 466 1560 Vanum
497 1534 593 1571 ergo
627 1517 801 1570 Origeni
845 1517 1129 1573 patrocinium
1157 1520 1332 1574 praebet
1361 1519 1464 1560 Hal-

49 1597 214 1646 loixius,
238 1597 275 1653 ¹)
307 1596 351 1637 id
382 1595 462 1636 sibi
483 1596 594 1636 velle
620 1594 846 1647 Origenem
877 1594 1137 1650 praedicans,
1167 1602 1336 1637 cuncta
1365 1596 1464 1639 Deo

50 1687 143 1715 esse
172 1675 393 1729 subjecta,
425 1680 471 1714 et
500 1674 597 1729 ejus
619 1674 973 1729 omm‘pOtentz'ae
1004 1672 1053 1713 in
1079 1670 1278 1714 creando
1298 1685 1465 1729 aequa-

51 1750 138 1791 lem
167 1762 260 1791 esse
291 1751 566 1806 sapientiam
596 1750 644 1790 z'n
671 1746 1004 1805 gubernandO,
1042 1750 1113 1791 z'ta
1149 1755 1204 1792 ut
1231 1762 1465 1806 nunquam

36 1826 158 1882 fieri
176 1827 342 1881 possit,
383 1833 436 1868 ut
467 1833 535 1868 tot
564 1833 788 1881 tantaque
818 1832 967 1881 creet,
1005 1827 1112 1881 quin
1151 1832 1220 1869 tot
1248 1834 1295 1868 et
1325 1834 1466 1870 tanta

49 1904 317 1958 gubernare
342 1905 510 1958 possz't,·
550 1909 604 1944 at
631 1905 862 1959 sapientia
887 1903 1222 1958 gubernator-zze
1251 1908 1465 1961 aeqnzpa-

50 1987 184 2021 retur
217 1982 455 2036 potentiae
487 1977 746 2021 conditores.
821 1979 954 2034 Quod
995 1979 1030 2020 si
1070 1979 1113 2020 in
1153 1981 1301 2022 eadem
1339 1998 1463 2038 quae,

50 2057 184 2097 stione
234 2056 528 2112 cespitantium
573 2072 772 2097 numerus
814 2056 953 2097 facere
995 2055 1155 2112 aliquid
1198 2069 1340 2113 potest
1384 2075 1465 2116 pro

54 2149 192 2174 caussa
224 2132 438 2185 origenis,
479 2132 670 2173 dabimus
699 2132 875 2174 Petrum
906 2134 1212 2187 Abaelardum‚
1251 2136 1467 2178 hominem

53 2209 232 2266 inquieti
279 2209 458 2262 ingenii,
511 2220 552 2250 et
593 2225 798 2250 novarum
849 2209 1101 2266 opinionum
1149 2212 1349 2264 studiosi,
1395 2214 1468 2270 qui

56 2286 146 2328 libr.
177 2286 216 2330 3.
257 2286 484 2326 introduct.
524 2285 713 2339 theolog.
754 2303 843 2343 cap.
875 2288 913 2330 5.
952 2287 1010 2330 ita
1040 2288 1248 2345 disputat:
1310 2290 1468 2342 Quan-

56 2370 151 2404 tum
179 2365 331 2419 igitur
361 2365 566 2414 aestimo,
598 2376 699 2405 cam
728 2362 780 2406 z'd
806 2371 994 2409 tantum
1022 2365 1151 2408 Deus
1167 2365 1341 2420 facere
1363 2381 1468 2424 pos-

54 2442 126 2491 sit,
158 2439 277 2496 qaod
302 2453 403 2481 eum
422 2439 593 2495 facere
624 2444 847 2497 convenit,
877 2454 960 2484 nec
989 2455 1091 2484 eum
1120 2441 1363 2500 quidquam
1390 2445 1469 2498 fa-

56 2529 155 2559 cere
186 2520 405 2569 com-enit,
439 2515 560 2573 quod
571 2517 745 2572 facere
769 2521 1154 2576 praetermittat,
1179 2520 1392 2576 profecto
1422 2519 1475 2564 id

179 2748 217 2801 ¹)
250 2748 338 2790 Csr.
369 2749 554 2791 Halloix.
586 2750 658 2792 lib.
689 2750 760 2792 IV.
792 2749 966 2803 Origen⁴
999 2750 1158 2794 defens.
1191 2764 1345 2808 quaest.
1376 2752 1414 2794 ὃ.

64 2824 283 2865 Omossms
317 2824 487 2867 OPERA.
520 2826 640 2868 Tom.
670 2827 814 2869 XXII.
1169 2828 1199 2870 8
