<?xml version="1.0" encoding="UTF-8"?>
<!DOCTYPE html PUBLIC "-//W3C//DTD XHTML 1.0 Transitional//EN"
    "http://www.w3.org/TR/xhtml1/DTD/xhtml1-transitional.dtd">
<html xmlns="http://www.w3.org/1999/xhtml" xml:lang="en" lang="en">
 <head>
  <title>
</title>
<meta http-equiv="Content-Type" content="text/html;charset=utf-8" />
  <meta name='ocr-system' content='tesseract 3.04.00' />
  <meta name='ocr-capabilities' content='ocr_page ocr_carea ocr_par ocr_line ocrx_word'/>
</head>
<body>
  <div class='ocr_page' id='page_1' title='image "./operaomniaquaegr22orig/operaomniaquaegr22orig_0115.png"; bbox 0 0 1759 3125; ppageno 0'>
   <div class='ocr_carea' id='block_1_1' title="bbox 468 112 1488 161">
    <p class='ocr_par' dir='ltr' id='par_1_1' title="bbox 468 112 1488 161">
     <span class='ocr_line' id='line_1_1' title="bbox 468 112 1488 161; baseline -0.005 0"><span class='ocrx_word' id='word_1_1' title='bbox 468 119 862 161; x_wconf 62' lang='lat' dir='ltr'><strong>Omenmmonum</strong></span> <span class='ocrx_word' id='word_1_2' title='bbox 891 119 1034 160; x_wconf 73' lang='lat' dir='ltr'><strong>Lnnm</strong></span> <span class='ocrx_word' id='word_1_3' title='bbox 1065 116 1117 157; x_wconf 80' lang='grc' dir='ltr'><strong>Π.</strong></span> <span class='ocrx_word' id='word_1_4' title='bbox 1405 112 1488 157; x_wconf 82' lang='lat'><strong>103</strong></span> 
     </span>
    </p>
   </div>
   <div class='ocr_carea' id='block_1_2' title="bbox 60 226 1482 2288">
    <p class='ocr_par' dir='ltr' id='par_1_2' title="bbox 72 226 1482 441">
     <span class='ocr_line' id='line_1_2' title="bbox 77 226 1482 291; baseline -0.006 -18"><span class='ocrx_word' id='word_1_5' title='bbox 77 231 338 291; x_wconf 71' lang='lat' dir='ltr'><strong>Symmachi3</strong></span> <span class='ocrx_word' id='word_1_6' title='bbox 368 247 415 272; x_wconf 88' lang='lat' dir='ltr'><strong>ac</strong></span> <span class='ocrx_word' id='word_1_7' title='bbox 447 231 633 287; x_wconf 77' lang='lat' dir='ltr'>quintam</span> <span class='ocrx_word' id='word_1_8' title='bbox 671 230 795 281; x_wconf 86' lang='lat' dir='ltr'><strong>item,</strong></span> <span class='ocrx_word' id='word_1_9' title='bbox 844 242 885 271; x_wconf 87' lang='lat' dir='ltr'><strong>et</strong></span> <span class='ocrx_word' id='word_1_10' title='bbox 921 241 1079 271; x_wconf 80' lang='lat' dir='ltr'><strong>sextam</strong></span> <span class='ocrx_word' id='word_1_11' title='bbox 1116 226 1160 267; x_wconf 89' lang='lat' dir='ltr'><strong>in</strong></span> <span class='ocrx_word' id='word_1_12' title='bbox 1200 226 1339 266; x_wconf 85' lang='lat' dir='ltr'><strong>lucem</strong></span> <span class='ocrx_word' id='word_1_13' title='bbox 1379 241 1401 266; x_wconf 85' lang='lat' dir='ltr'><strong>a</strong></span> <span class='ocrx_word' id='word_1_14' title='bbox 1438 240 1482 265; x_wconf 87' lang='lat' dir='ltr'><strong>se</strong></span> 
     </span>
     <span class='ocr_line' id='line_1_3' title="bbox 72 301 1480 365; baseline -0.008 -16"><span class='ocrx_word' id='word_1_15' title='bbox 72 310 209 365; x_wconf 89' lang='lat' dir='ltr'><strong>primo</strong></span> <span class='ocrx_word' id='word_1_16' title='bbox 242 308 394 362; x_wconf 78' lang='lat' dir='ltr'><strong>editas3</strong></span> <span class='ocrx_word' id='word_1_17' title='bbox 424 324 574 364; x_wconf 84' lang='lat' dir='ltr'><strong>easque</strong></span> <span class='ocrx_word' id='word_1_18' title='bbox 606 308 657 349; x_wconf 85' lang='lat' dir='ltr'><strong>ad</strong></span> <span class='ocrx_word' id='word_1_19' title='bbox 675 308 882 349; x_wconf 83' lang='lat' dir='ltr'><strong>Hebraica</strong></span> <span class='ocrx_word' id='word_1_20' title='bbox 909 301 1248 348; x_wconf 82' lang='lat' dir='ltr'>accommodavit</span> <span class='ocrx_word' id='word_1_21' title='bbox 1270 301 1480 355; x_wconf 83' lang='lat' dir='ltr'><strong>exempla-</strong></span> 
     </span>
     <span class='ocr_line' id='line_1_4' title="bbox 72 379 1338 441; baseline -0.006 -15"><span class='ocrx_word' id='word_1_22' title='bbox 72 386 146 436; x_wconf 88' lang='lat' dir='ltr'><strong>ria,</strong></span> <span class='ocrx_word' id='word_1_23' title='bbox 181 386 292 427; x_wconf 86' lang='lat' dir='ltr'><strong>unde</strong></span> <span class='ocrx_word' id='word_1_24' title='bbox 324 385 536 440; x_wconf 57' lang='lat' dir='ltr'><strong>Tetri-pla,</strong></span> <span class='ocrx_word' id='word_1_25' title='bbox 567 385 768 441; x_wconf 85' lang='lat' dir='ltr'><strong>Hexapla‚</strong></span> <span class='ocrx_word' id='word_1_26' title='bbox 800 396 840 426; x_wconf 88' lang='lat' dir='ltr'><strong>et</strong></span> <span class='ocrx_word' id='word_1_27' title='bbox 871 383 1052 439; x_wconf 84' lang='lat' dir='ltr'><strong>Octapla</strong></span> <span class='ocrx_word' id='word_1_28' title='bbox 1083 379 1338 422; x_wconf 83' lang='lat' dir='ltr'><strong>exstiterunt.</strong></span> 
     </span>
    </p>

    <p class='ocr_par' dir='ltr' id='par_1_3' title="bbox 60 455 1480 2288">
     <span class='ocr_line' id='line_1_5' title="bbox 179 455 1479 518; baseline -0.008 -15"><span class='ocrx_word' id='word_1_29' title='bbox 179 461 231 503; x_wconf 88' lang='grc' dir='ltr'><strong>Π.</strong></span> <span class='ocrx_word' id='word_1_30' title='bbox 293 461 423 515; x_wconf 84' lang='lat' dir='ltr'><strong>Quod</strong></span> <span class='ocrx_word' id='word_1_31' title='bbox 453 462 487 503; x_wconf 91' lang='lat' dir='ltr'><strong>si</strong></span> <span class='ocrx_word' id='word_1_32' title='bbox 526 462 621 518; x_wconf 86' lang='lat' dir='ltr'><strong>plus</strong></span> <span class='ocrx_word' id='word_1_33' title='bbox 651 478 739 503; x_wconf 81' lang='lat' dir='ltr'><strong>sese</strong></span> <span class='ocrx_word' id='word_1_34' title='bbox 770 462 812 502; x_wconf 88' lang='lat' dir='ltr'><strong>in</strong></span> <span class='ocrx_word' id='word_1_35' title='bbox 843 459 1061 502; x_wconf 77' lang='lat' dir='ltr'>Hebraicis</span> <span class='ocrx_word' id='word_1_36' title='bbox 1101 455 1363 504; x_wconf 85' lang='lat' dir='ltr'><strong>exercuisset,</strong></span> <span class='ocrx_word' id='word_1_37' title='bbox 1393 469 1479 493; x_wconf 86' lang='lat' dir='ltr'><strong>ma—</strong></span> 
     </span>
     <span class='ocr_line' id='line_1_6' title="bbox 69 527 1480 597; baseline -0.006 -20"><span class='ocrx_word' id='word_1_38' title='bbox 69 537 288 595; x_wconf 87' lang='lat' dir='ltr'><strong>joremque</strong></span> <span class='ocrx_word' id='word_1_39' title='bbox 319 538 482 590; x_wconf 87' lang='lat' dir='ltr'><strong>linguae</strong></span> <span class='ocrx_word' id='word_1_40' title='bbox 514 538 635 597; x_wconf 89' lang='lat' dir='ltr'><strong>hujus</strong></span> <span class='ocrx_word' id='word_1_41' title='bbox 666 539 809 580; x_wconf 86' lang='lat' dir='ltr'><strong>fuisset</strong></span> <span class='ocrx_word' id='word_1_42' title='bbox 837 536 1032 594; x_wconf 80' lang='lat' dir='ltr'>peritiam</span> <span class='ocrx_word' id='word_1_43' title='bbox 1063 544 1333 582; x_wconf 87' lang='lat' dir='ltr'><strong>consecutus,</strong></span> <span class='ocrx_word' id='word_1_44' title='bbox 1372 527 1480 571; x_wconf 79' lang='lat' dir='ltr'><strong>nihil</strong></span> 
     </span>
     <span class='ocr_line' id='line_1_7' title="bbox 71 607 1478 670; baseline -0.005 -16"><span class='ocrx_word' id='word_1_45' title='bbox 71 614 108 654; x_wconf 92' lang='lat' dir='ltr'><strong>ei</strong></span> <span class='ocrx_word' id='word_1_46' title='bbox 138 615 189 655; x_wconf 90' lang='lat' dir='ltr'><strong>ad</strong></span> <span class='ocrx_word' id='word_1_47' title='bbox 228 616 461 670; x_wconf 82' lang='lat' dir='ltr'>perfectam</span> <span class='ocrx_word' id='word_1_48' title='bbox 500 633 639 656; x_wconf 87' lang='lat' dir='ltr'><strong>sacrae</strong></span> <span class='ocrx_word' id='word_1_49' title='bbox 679 617 779 669; x_wconf 88' lang='lat' dir='ltr'><strong>legis</strong></span> <span class='ocrx_word' id='word_1_50' title='bbox 819 614 1103 668; x_wconf 88' lang='lat' dir='ltr'><strong>cognitionem</strong></span> <span class='ocrx_word' id='word_1_51' title='bbox 1145 610 1365 660; x_wconf 80' lang='lat' dir='ltr'><strong>defuisset,</strong></span> <span class='ocrx_word' id='word_1_52' title='bbox 1403 607 1478 648; x_wconf 85' lang='lat' dir='ltr'><strong>sed</strong></span> 
     </span>
     <span class='ocr_line' id='line_1_8' title="bbox 66 684 1477 749; baseline -0.006 -18"><span class='ocrx_word' id='word_1_53' title='bbox 66 703 227 732; x_wconf 85' lang='lat' dir='ltr'><strong>tantum</strong></span> <span class='ocrx_word' id='word_1_54' title='bbox 260 693 468 748; x_wconf 74' lang='lat' dir='ltr'><strong>decerpsit</strong></span> <span class='ocrx_word' id='word_1_55' title='bbox 497 710 544 734; x_wconf 83' lang='lat' dir='ltr'><strong>ex</strong></span> <span class='ocrx_word' id='word_1_56' title='bbox 576 710 621 734; x_wconf 88' lang='lat' dir='ltr'><strong>ea</strong></span> <span class='ocrx_word' id='word_1_57' title='bbox 652 693 806 746; x_wconf 83' lang='lat' dir='ltr'><strong>gloria,</strong></span> <span class='ocrx_word' id='word_1_58' title='bbox 846 703 1046 749; x_wconf 87' lang='lat' dir='ltr'><strong>quantum</strong></span> <span class='ocrx_word' id='word_1_59' title='bbox 1090 706 1137 731; x_wconf 84' lang='lat' dir='ltr'><strong>ex</strong></span> <span class='ocrx_word' id='word_1_60' title='bbox 1175 686 1372 744; x_wconf 89' lang='lat' dir='ltr'><strong>loquelae</strong></span> <span class='ocrx_word' id='word_1_61' title='bbox 1402 684 1477 724; x_wconf 83' lang='lat' dir='ltr'><strong>hu-</strong></span> 
     </span>
     <span class='ocr_line' id='line_1_9' title="bbox 66 759 1478 825; baseline -0.006 -17"><span class='ocrx_word' id='word_1_62' title='bbox 66 767 129 825; x_wconf 85' lang='lat' dir='ltr'><strong>jus</strong></span> <span class='ocrx_word' id='word_1_63' title='bbox 175 768 315 809; x_wconf 88' lang='lat' dir='ltr'><strong>studio</strong></span> <span class='ocrx_word' id='word_1_64' title='bbox 363 769 552 810; x_wconf 78' lang='lat' dir='ltr'><strong>detraxit.</strong></span> <span class='ocrx_word' id='word_1_65' title='bbox 618 769 770 809; x_wconf 88' lang='lat' dir='ltr'><strong>Dicam</strong></span> <span class='ocrx_word' id='word_1_66' title='bbox 811 769 921 810; x_wconf 89' lang='lat' dir='ltr'><strong>enim</strong></span> <span class='ocrx_word' id='word_1_67' title='bbox 959 784 1079 809; x_wconf 86' lang='lat' dir='ltr'><strong>vere:</strong></span> <span class='ocrx_word' id='word_1_68' title='bbox 1123 766 1192 806; x_wconf 87' lang='lat' dir='ltr'><strong>vel</strong></span> <span class='ocrx_word' id='word_1_69' title='bbox 1239 759 1478 805; x_wconf 85' lang='lat' dir='ltr'><strong>Hebraismi</strong></span> 
     </span>
     <span class='ocr_line' id='line_1_10' title="bbox 66 843 1476 901; baseline -0.006 -16"><span class='ocrx_word' id='word_1_70' title='bbox 66 861 213 901; x_wconf 89' lang='lat' dir='ltr'><strong>parum</strong></span> <span class='ocrx_word' id='word_1_71' title='bbox 244 845 419 886; x_wconf 83' lang='lat' dir='ltr'><strong>scientes</strong></span> <span class='ocrx_word' id='word_1_72' title='bbox 449 857 567 896; x_wconf 89' lang='lat' dir='ltr'><strong>sunt,</strong></span> <span class='ocrx_word' id='word_1_73' title='bbox 599 847 667 886; x_wconf 87' lang='lat' dir='ltr'><strong>vel</strong></span> <span class='ocrx_word' id='word_1_74' title='bbox 698 847 740 887; x_wconf 90' lang='lat' dir='ltr'><strong>in</strong></span> <span class='ocrx_word' id='word_1_75' title='bbox 773 847 957 887; x_wconf 88' lang='lat' dir='ltr'><strong>lectione</strong></span> <span class='ocrx_word' id='word_1_76' title='bbox 987 843 1343 897; x_wconf 74' lang='lat' dir='ltr'><strong>origenianorum</strong></span> <span class='ocrx_word' id='word_1_77' title='bbox 1375 853 1476 894; x_wconf 86' lang='lat' dir='ltr'><strong>ope-</strong></span> 
     </span>
     <span class='ocr_line' id='line_1_11' title="bbox 65 913 1476 979; baseline -0.01 -13"><span class='ocrx_word' id='word_1_78' title='bbox 65 939 158 963; x_wconf 84' lang='lat' dir='ltr'><strong>rum</strong></span> <span class='ocrx_word' id='word_1_79' title='bbox 189 921 476 977; x_wconf 84' lang='lat' dir='ltr'><strong>perfunctorie</strong></span> <span class='ocrx_word' id='word_1_80' title='bbox 510 923 679 973; x_wconf 86' lang='lat' dir='ltr'><strong>versati,</strong></span> <span class='ocrx_word' id='word_1_81' title='bbox 725 923 797 979; x_wconf 90' lang='lat' dir='ltr'><strong>qui</strong></span> <span class='ocrx_word' id='word_1_82' title='bbox 836 923 1036 963; x_wconf 75' lang='lat' dir='ltr'><strong>eximium</strong></span> <span class='ocrx_word' id='word_1_83' title='bbox 1077 920 1180 977; x_wconf 84' lang='lat' dir='ltr'><strong>quid</strong></span> <span class='ocrx_word' id='word_1_84' title='bbox 1215 917 1294 973; x_wconf 88' lang='lat' dir='ltr'><strong>ipsi</strong></span> <span class='ocrx_word' id='word_1_85' title='bbox 1335 914 1402 955; x_wconf 86' lang='lat' dir='ltr'><strong>vel</strong></span> <span class='ocrx_word' id='word_1_86' title='bbox 1432 913 1476 954; x_wconf 87' lang='lat' dir='ltr'><strong>in</strong></span> 
     </span>
     <span class='ocr_line' id='line_1_12' title="bbox 65 991 1474 1055; baseline -0.006 -17"><span class='ocrx_word' id='word_1_87' title='bbox 65 1010 229 1038; x_wconf 89' lang='lat' dir='ltr'><strong>sanctae</strong></span> <span class='ocrx_word' id='word_1_88' title='bbox 260 998 437 1050; x_wconf 75' lang='lat' dir='ltr'><strong>linguae,</strong></span> <span class='ocrx_word' id='word_1_89' title='bbox 468 1000 534 1039; x_wconf 81' lang='lat' dir='ltr'><strong>vel</strong></span> <span class='ocrx_word' id='word_1_90' title='bbox 564 999 607 1039; x_wconf 84' lang='lat' dir='ltr'><strong>in</strong></span> <span class='ocrx_word' id='word_1_91' title='bbox 638 1015 805 1049; x_wconf 86' lang='lat' dir='ltr'><strong>earum,</strong></span> <span class='ocrx_word' id='word_1_92' title='bbox 846 1016 953 1055; x_wconf 86' lang='lat' dir='ltr'><strong>quae</strong></span> <span class='ocrx_word' id='word_1_93' title='bbox 994 1015 1042 1039; x_wconf 87' lang='lat' dir='ltr'><strong>ex</strong></span> <span class='ocrx_word' id='word_1_94' title='bbox 1072 999 1152 1038; x_wconf 83' lang='lat' dir='ltr'><strong>hoe</strong></span> <span class='ocrx_word' id='word_1_95' title='bbox 1182 997 1300 1036; x_wconf 85' lang='lat' dir='ltr'><strong>fonte</strong></span> <span class='ocrx_word' id='word_1_96' title='bbox 1331 991 1474 1048; x_wconf 80' lang='lat' dir='ltr'><strong>profe—</strong></span> 
     </span>
     <span class='ocr_line' id='line_1_13' title="bbox 66 1065 1475 1132; baseline -0.006 -16"><span class='ocrx_word' id='word_1_97' title='bbox 66 1086 154 1116; x_wconf 84' lang='lat' dir='ltr'><strong>ctae</strong></span> <span class='ocrx_word' id='word_1_98' title='bbox 183 1086 305 1125; x_wconf 88' lang='lat' dir='ltr'><strong>sunt,</strong></span> <span class='ocrx_word' id='word_1_99' title='bbox 346 1075 623 1116; x_wconf 85' lang='lat' dir='ltr'><strong>dialectorum</strong></span> <span class='ocrx_word' id='word_1_100' title='bbox 663 1076 814 1132; x_wconf 84' lang='lat' dir='ltr'><strong>peritia</strong></span> <span class='ocrx_word' id='word_1_101' title='bbox 852 1075 1102 1116; x_wconf 87' lang='lat' dir='ltr'><strong>tribuerunt.</strong></span> <span class='ocrx_word' id='word_1_102' title='bbox 1159 1074 1251 1115; x_wconf 83' lang='lat' dir='ltr'><strong>Nec</strong></span> <span class='ocrx_word' id='word_1_103' title='bbox 1280 1065 1475 1126; x_wconf 83' lang='lat' dir='ltr'><strong>opinioni</strong></span> 
     </span>
     <span class='ocr_line' id='line_1_14' title="bbox 63 1142 1475 1211; baseline -0.007 -18"><span class='ocrx_word' id='word_1_104' title='bbox 63 1164 229 1193; x_wconf 83' lang='lat' dir='ltr'><strong>nostrae</strong></span> <span class='ocrx_word' id='word_1_105' title='bbox 259 1153 508 1194; x_wconf 81' lang='lat' dir='ltr'><strong>contradicit</strong></span> <span class='ocrx_word' id='word_1_106' title='bbox 537 1154 832 1211; x_wconf 79' lang='lat' dir='ltr'><strong>Hieronymus,</strong></span> <span class='ocrx_word' id='word_1_107' title='bbox 856 1154 896 1208; x_wconf 93' lang='lat'><strong>¹)</strong></span> <span class='ocrx_word' id='word_1_108' title='bbox 939 1152 1015 1193; x_wconf 87' lang='lat' dir='ltr'><strong>etsi</strong></span> <span class='ocrx_word' id='word_1_109' title='bbox 1054 1151 1223 1192; x_wconf 81' lang='lat' dir='ltr'><strong>videtur</strong></span> <span class='ocrx_word' id='word_1_110' title='bbox 1262 1142 1475 1187; x_wconf 86' lang='lat' dir='ltr'><strong>contradi-</strong></span> 
     </span>
     <span class='ocr_line' id='line_1_15' title="bbox 63 1219 1474 1287; baseline -0.009 -16"><span class='ocrx_word' id='word_1_111' title='bbox 63 1246 170 1279; x_wconf 88' lang='lat' dir='ltr'><strong>cere,</strong></span> <span class='ocrx_word' id='word_1_112' title='bbox 200 1246 296 1270; x_wconf 85' lang='lat' dir='ltr'><strong>cum</strong></span> <span class='ocrx_word' id='word_1_113' title='bbox 326 1229 384 1270; x_wconf 88' lang='lat' dir='ltr'><strong>ait</strong></span> <span class='ocrx_word' id='word_1_114' title='bbox 418 1229 668 1284; x_wconf 80' lang='lat' dir='ltr'><strong>singularem</strong></span> <span class='ocrx_word' id='word_1_115' title='bbox 706 1231 902 1287; x_wconf 89' lang='lat' dir='ltr'><strong>loquelae</strong></span> <span class='ocrx_word' id='word_1_116' title='bbox 940 1228 1064 1286; x_wconf 80' lang='lat' dir='ltr'><strong>hujus</strong></span> <span class='ocrx_word' id='word_1_117' title='bbox 1101 1225 1298 1268; x_wconf 81' lang='lat' dir='ltr'><strong>notitiam</strong></span> <span class='ocrx_word' id='word_1_118' title='bbox 1340 1219 1474 1262; x_wconf 86' lang='lat' dir='ltr'><strong>demi-</strong></span> 
     </span>
     <span class='ocr_line' id='line_1_16' title="bbox 61 1297 1473 1357; baseline -0.007 -10"><span class='ocrx_word' id='word_1_119' title='bbox 61 1318 190 1348; x_wconf 79' lang='lat' dir='ltr'><strong>ratam</strong></span> <span class='ocrx_word' id='word_1_120' title='bbox 220 1306 261 1346; x_wconf 87' lang='lat' dir='ltr'><strong>in</strong></span> <span class='ocrx_word' id='word_1_121' title='bbox 296 1323 345 1347; x_wconf 89' lang='lat' dir='ltr'><strong>eo</strong></span> <span class='ocrx_word' id='word_1_122' title='bbox 376 1308 502 1348; x_wconf 82' lang='lat' dir='ltr'><strong>fuisse</strong></span> <span class='ocrx_word' id='word_1_123' title='bbox 531 1319 664 1349; x_wconf 88' lang='lat' dir='ltr'><strong>totam</strong></span> <span class='ocrx_word' id='word_1_124' title='bbox 689 1307 930 1349; x_wconf 82' lang='lat' dir='ltr'><strong>Graeciam:</strong></span> <span class='ocrx_word' id='word_1_125' title='bbox 962 1306 1117 1347; x_wconf 84' lang='lat' dir='ltr'><strong>mirum</strong></span> <span class='ocrx_word' id='word_1_126' title='bbox 1146 1305 1192 1345; x_wconf 86' lang='lat' dir='ltr'><strong>id</strong></span> <span class='ocrx_word' id='word_1_127' title='bbox 1222 1301 1381 1357; x_wconf 87' lang='lat' dir='ltr'><strong>quippe</strong></span> <span class='ocrx_word' id='word_1_128' title='bbox 1413 1297 1473 1337; x_wconf 86' lang='lat' dir='ltr'><strong>vi·</strong></span> 
     </span>
     <span class='ocr_line' id='line_1_17' title="bbox 63 1377 1471 1439; baseline -0.005 -15"><span class='ocrx_word' id='word_1_129' title='bbox 63 1384 154 1425; x_wconf 86' lang='lat' dir='ltr'><strong>deri</strong></span> <span class='ocrx_word' id='word_1_130' title='bbox 192 1388 333 1439; x_wconf 88' lang='lat' dir='ltr'><strong>potuit</strong></span> <span class='ocrx_word' id='word_1_131' title='bbox 371 1384 542 1425; x_wconf 87' lang='lat' dir='ltr'><strong>Graecis</strong></span> <span class='ocrx_word' id='word_1_132' title='bbox 581 1385 818 1426; x_wconf 87' lang='lat' dir='ltr'><strong>Hebraismi</strong></span> <span class='ocrx_word' id='word_1_133' title='bbox 854 1385 1030 1425; x_wconf 82' lang='lat' dir='ltr'><strong>rudibus</strong></span> <span class='ocrx_word' id='word_1_134' title='bbox 1063 1394 1104 1423; x_wconf 91' lang='lat' dir='ltr'><strong>et</strong></span> <span class='ocrx_word' id='word_1_135' title='bbox 1132 1377 1364 1436; x_wconf 84' lang='lat' dir='ltr'><strong>imperitis,</strong></span> <span class='ocrx_word' id='word_1_136' title='bbox 1393 1390 1471 1416; x_wconf 78' lang='lat' dir='ltr'><strong>nec</strong></span> 
     </span>
     <span class='ocr_line' id='line_1_18' title="bbox 63 1454 1469 1517; baseline -0.008 -15"><span class='ocrx_word' id='word_1_137' title='bbox 63 1473 263 1517; x_wconf 89' lang='lat' dir='ltr'><strong>quantum</strong></span> <span class='ocrx_word' id='word_1_138' title='bbox 292 1461 334 1501; x_wconf 90' lang='lat' dir='ltr'><strong>in</strong></span> <span class='ocrx_word' id='word_1_139' title='bbox 366 1478 416 1501; x_wconf 89' lang='lat' dir='ltr'><strong>eo</strong></span> <span class='ocrx_word' id='word_1_140' title='bbox 449 1463 696 1517; x_wconf 77' lang='lat' dir='ltr'><strong>profecisset</strong></span> <span class='ocrx_word' id='word_1_141' title='bbox 727 1463 929 1515; x_wconf 86' lang='lat' dir='ltr'><strong>Origenes</strong></span> <span class='ocrx_word' id='word_1_142' title='bbox 966 1460 1199 1501; x_wconf 81' lang='lat' dir='ltr'><strong>existimare</strong></span> <span class='ocrx_word' id='word_1_143' title='bbox 1228 1454 1469 1497; x_wconf 86' lang='lat' dir='ltr'><strong>scientibus.</strong></span> 
     </span>
     <span class='ocr_line' id='line_1_19' title="bbox 60 1527 1472 1595; baseline -0.008 -16"><span class='ocrx_word' id='word_1_144' title='bbox 60 1537 238 1580; x_wconf 84' lang='lat' dir='ltr'><strong>Minime</strong></span> <span class='ocrx_word' id='word_1_145' title='bbox 269 1555 369 1578; x_wconf 82' lang='lat' dir='ltr'><strong>vero</strong></span> <span class='ocrx_word' id='word_1_146' title='bbox 399 1555 515 1579; x_wconf 87' lang='lat' dir='ltr'><strong>suam</strong></span> <span class='ocrx_word' id='word_1_147' title='bbox 545 1538 633 1595; x_wconf 84' lang='lat' dir='ltr'><strong>ipse</strong></span> <span class='ocrx_word' id='word_1_148' title='bbox 672 1541 834 1592; x_wconf 88' lang='lat' dir='ltr'><strong>linguae</strong></span> <span class='ocrx_word' id='word_1_149' title='bbox 863 1537 985 1595; x_wconf 84' lang='lat' dir='ltr'><strong>hujus</strong></span> <span class='ocrx_word' id='word_1_150' title='bbox 1013 1534 1323 1590; x_wconf 86' lang='lat' dir='ltr'><strong>ignorationem</strong></span> <span class='ocrx_word' id='word_1_151' title='bbox 1356 1527 1472 1570; x_wconf 86' lang='lat' dir='ltr'><strong>dissi-</strong></span> 
     </span>
     <span class='ocr_line' id='line_1_20' title="bbox 62 1605 1467 1671; baseline 0.002 -15"><span class='ocrx_word' id='word_1_152' title='bbox 62 1617 196 1656; x_wconf 85' lang='lat' dir='ltr'><strong>mulat</strong></span> <span class='ocrx_word' id='word_1_153' title='bbox 224 1615 385 1657; x_wconf 85' lang='lat' dir='ltr'><strong>Homil.</strong></span> <span class='ocrx_word' id='word_1_154' title='bbox 418 1616 482 1658; x_wconf 61' lang='grc'><strong>14.</strong></span> <span class='ocrx_word' id='word_1_155' title='bbox 513 1616 555 1656; x_wconf 89' lang='lat' dir='ltr'><strong>in</strong></span> <span class='ocrx_word' id='word_1_156' title='bbox 586 1618 710 1656; x_wconf 57' lang='lat' dir='ltr'><strong>Num.</strong></span> <span class='ocrx_word' id='word_1_157' title='bbox 742 1617 774 1656; x_wconf 77' lang='grc' dir='ltr'><strong>ἶ.</strong></span> <span class='ocrx_word' id='word_1_158' title='bbox 806 1631 896 1671; x_wconf 81' lang='lat' dir='ltr'><strong>pag.</strong></span> <span class='ocrx_word' id='word_1_159' title='bbox 917 1614 1013 1658; x_wconf 80' lang='lat'><strong>322.</strong></span> <span class='ocrx_word' id='word_1_160' title='bbox 1071 1613 1221 1665; x_wconf 78' lang='lat' dir='ltr'><strong>Ajemt</strong></span> <span class='ocrx_word' id='word_1_161' title='bbox 1249 1619 1376 1664; x_wconf 67' lang='lat' dir='ltr'><strong>ergo,</strong></span> <span class='ocrx_word' id='word_1_162' title='bbox 1406 1605 1467 1645; x_wconf 68' lang='lat' dir='ltr'><strong>in·</strong></span> 
     </span>
     <span class='ocr_line' id='line_1_21' title="bbox 63 1684 1472 1749; baseline 0 -17"><span class='ocrx_word' id='word_1_163' title='bbox 63 1693 165 1749; x_wconf 79' lang='lat' dir='ltr'><strong>quit,</strong></span> <span class='ocrx_word' id='word_1_164' title='bbox 195 1694 274 1748; x_wconf 70' lang='lat' dir='ltr'><strong>qui</strong></span> <span class='ocrx_word' id='word_1_165' title='bbox 302 1690 558 1733; x_wconf 69' lang='lat' dir='ltr'><strong>Hebruscas</strong></span> <span class='ocrx_word' id='word_1_166' title='bbox 588 1694 749 1734; x_wconf 69' lang='lat' dir='ltr'><strong>literas</strong></span> <span class='ocrx_word' id='word_1_167' title='bbox 781 1692 957 1749; x_wconf 79' lang='lat' dir='ltr'><strong>legunt,</strong></span> <span class='ocrx_word' id='word_1_168' title='bbox 987 1693 1035 1732; x_wconf 75' lang='lat' dir='ltr'><strong>z&#39;n</strong></span> <span class='ocrx_word' id='word_1_169' title='bbox 1067 1689 1149 1731; x_wconf 71' lang='lat' dir='ltr'><strong>hoc</strong></span> <span class='ocrx_word' id='word_1_170' title='bbox 1180 1689 1297 1737; x_wconf 74' lang='lat' dir='ltr'><strong>loca,</strong></span> <span class='ocrx_word' id='word_1_171' title='bbox 1330 1684 1472 1731; x_wconf 76' lang='lat' dir='ltr'><strong>Deus,</strong></span> 
     </span>
     <span class='ocr_line' id='line_1_22' title="bbox 62 1759 1470 1825; baseline -0.008 -14"><span class='ocrx_word' id='word_1_172' title='bbox 62 1783 153 1811; x_wconf 73' lang='lat' dir='ltr'><strong>uon</strong></span> <span class='ocrx_word' id='word_1_173' title='bbox 187 1766 268 1810; x_wconf 77' lang='lat' dir='ltr'><strong>sub</strong></span> <span class='ocrx_word' id='word_1_174' title='bbox 305 1771 437 1823; x_wconf 58' lang='lat' dir='ltr'><strong>sz‘gvaeo</strong></span> <span class='ocrx_word' id='word_1_175' title='bbox 476 1772 866 1825; x_wconf 77' lang='lat' dir='ltr'><strong>tetragrmnmatz&#39;</strong></span> <span class='ocrx_word' id='word_1_176' title='bbox 901 1781 994 1811; x_wconf 82' lang='lat' dir='ltr'><strong>esse</strong></span> <span class='ocrx_word' id='word_1_177' title='bbox 1025 1769 1246 1825; x_wconf 76' lang='lat' dir='ltr'><strong>positum:</strong></span> <span class='ocrx_word' id='word_1_178' title='bbox 1292 1759 1348 1804; x_wconf 80' lang='lat' dir='ltr'><strong>de</strong></span> <span class='ocrx_word' id='word_1_179' title='bbox 1386 1771 1470 1815; x_wconf 81' lang='lat' dir='ltr'><strong>quo</strong></span> 
     </span>
     <span class='ocr_line' id='line_1_23' title="bbox 63 1835 1470 1902; baseline -0.008 -16"><span class='ocrx_word' id='word_1_180' title='bbox 63 1848 142 1902; x_wconf 74' lang='lat' dir='ltr'><strong>qm·</strong></span> <span class='ocrx_word' id='word_1_181' title='bbox 169 1852 323 1901; x_wconf 76' lang='lat' dir='ltr'><strong>potest</strong></span> <span class='ocrx_word' id='word_1_182' title='bbox 360 1848 583 1901; x_wconf 74' lang='lat' dir='ltr'><strong>requirat.</strong></span> <span class='ocrx_word' id='word_1_183' title='bbox 653 1846 789 1887; x_wconf 75' lang='lat' dir='ltr'><strong>Multa</strong></span> <span class='ocrx_word' id='word_1_184' title='bbox 828 1846 871 1886; x_wconf 88' lang='lat' dir='ltr'><strong>in</strong></span> <span class='ocrx_word' id='word_1_185' title='bbox 914 1842 1277 1886; x_wconf 83' lang='lat' dir='ltr'><strong>observationibus</strong></span> <span class='ocrx_word' id='word_1_186' title='bbox 1314 1835 1470 1879; x_wconf 83' lang='lat' dir='ltr'><strong>nostris</strong></span> 
     </span>
     <span class='ocr_line' id='line_1_24' title="bbox 60 1917 1466 1981; baseline -0.008 -17"><span class='ocrx_word' id='word_1_187' title='bbox 60 1922 443 1973; x_wconf 80' lang='lat' dir='ltr'><strong>animadvertimus,</strong></span> <span class='ocrx_word' id='word_1_188' title='bbox 474 1939 578 1979; x_wconf 89' lang='lat' dir='ltr'><strong>quae</strong></span> <span class='ocrx_word' id='word_1_189' title='bbox 609 1923 816 1964; x_wconf 85' lang='lat' dir='ltr'><strong>inscitiam</strong></span> <span class='ocrx_word' id='word_1_190' title='bbox 855 1923 943 1981; x_wconf 80' lang='lat' dir='ltr'><strong>ejus</strong></span> <span class='ocrx_word' id='word_1_191' title='bbox 972 1922 1015 1962; x_wconf 89' lang='lat' dir='ltr'><strong>in</strong></span> <span class='ocrx_word' id='word_1_192' title='bbox 1046 1918 1263 1962; x_wconf 88' lang='lat' dir='ltr'><strong>Hebraicis</strong></span> <span class='ocrx_word' id='word_1_193' title='bbox 1293 1917 1466 1957; x_wconf 76' lang='lat' dir='ltr'><strong>demon-</strong></span> 
     </span>
     <span class='ocr_line' id='line_1_25' title="bbox 62 1992 1469 2056; baseline -0.004 -15"><span class='ocrx_word' id='word_1_194' title='bbox 62 2011 212 2050; x_wconf 76' lang='lat' dir='ltr'><strong>strant3</strong></span> <span class='ocrx_word' id='word_1_195' title='bbox 243 1999 480 2056; x_wconf 78' lang='lat' dir='ltr'><strong>cujusmodi</strong></span> <span class='ocrx_word' id='word_1_196' title='bbox 509 2011 569 2040; x_wconf 90' lang='lat' dir='ltr'><strong>est</strong></span> <span class='ocrx_word' id='word_1_197' title='bbox 597 2000 750 2040; x_wconf 82' lang='lat' dir='ltr'><strong>frivola</strong></span> <span class='ocrx_word' id='word_1_198' title='bbox 780 2001 852 2040; x_wconf 89' lang='lat' dir='ltr'><strong>illa</strong></span> <span class='ocrx_word' id='word_1_199' title='bbox 884 1998 1098 2040; x_wconf 88' lang='lat' dir='ltr'><strong>distinctio</strong></span> <span class='ocrx_word' id='word_1_200' title='bbox 1133 1992 1330 2054; x_wconf 74' lang='grc' dir='ltr'><em>οὐρανόν</em></span> <span class='ocrx_word' id='word_1_201' title='bbox 1357 1992 1469 2032; x_wconf 78' lang='lat' dir='ltr'><strong>intel·</strong></span> 
     </span>
     <span class='ocr_line' id='line_1_26' title="bbox 64 2068 1468 2133; baseline -0.006 -14"><span class='ocrx_word' id='word_1_202' title='bbox 64 2090 100 2119; x_wconf 81' lang='lat' dir='ltr'><strong>et</strong></span> <span class='ocrx_word' id='word_1_203' title='bbox 133 2075 375 2132; x_wconf 65' lang='grc' dir='ltr'><em>οὐρανούς,</em></span> <span class='ocrx_word' id='word_1_204' title='bbox 416 2093 540 2133; x_wconf 91' lang='lat' dir='ltr'><strong>quam</strong></span> <span class='ocrx_word' id='word_1_205' title='bbox 579 2076 912 2118; x_wconf 85' lang='lat' dir='ltr'><strong>comminiscitur</strong></span> <span class='ocrx_word' id='word_1_206' title='bbox 946 2077 998 2117; x_wconf 81' lang='lat' dir='ltr'><strong>ad</strong></span> <span class='ocrx_word' id='word_1_207' title='bbox 1027 2074 1180 2116; x_wconf 75' lang='lat' dir='ltr'><strong>Matth.</strong></span> <span class='ocrx_word' id='word_1_208' title='bbox 1212 2071 1288 2122; x_wconf 80' lang='grc'><strong>18,</strong></span> <span class='ocrx_word' id='word_1_209' title='bbox 1318 2068 1398 2118; x_wconf 65' lang='grc'><strong>18,</strong></span> <span class='ocrx_word' id='word_1_210' title='bbox 1428 2078 1468 2107; x_wconf 77' lang='lat' dir='ltr'><strong>et</strong></span> 
     </span>
     <span class='ocr_line' id='line_1_27' title="bbox 61 2145 1468 2210; baseline -0.007 -15"><span class='ocrx_word' id='word_1_211' title='bbox 61 2156 112 2195; x_wconf 85' lang='lat' dir='ltr'><strong>ad</strong></span> <span class='ocrx_word' id='word_1_212' title='bbox 149 2171 273 2210; x_wconf 84' lang='lat' dir='ltr'><strong>quam</strong></span> <span class='ocrx_word' id='word_1_213' title='bbox 314 2153 525 2195; x_wconf 85' lang='lat' dir='ltr'><strong>Christum</strong></span> <span class='ocrx_word' id='word_1_214' title='bbox 562 2155 790 2210; x_wconf 79' lang='lat' dir='ltr'><strong>respexisse</strong></span> <span class='ocrx_word' id='word_1_215' title='bbox 826 2154 976 2206; x_wconf 79' lang='lat' dir='ltr'><strong>tradit3</strong></span> <span class='ocrx_word' id='word_1_216' title='bbox 1024 2152 1141 2209; x_wconf 87' lang='lat' dir='ltr'><strong>quasi</strong></span> <span class='ocrx_word' id='word_1_217' title='bbox 1179 2152 1284 2191; x_wconf 88' lang='lat' dir='ltr'><strong>hanc</strong></span> <span class='ocrx_word' id='word_1_218' title='bbox 1322 2145 1468 2188; x_wconf 86' lang='lat' dir='ltr'><strong>distin—</strong></span> 
     </span>
     <span class='ocr_line' id='line_1_28' title="bbox 62 2226 1466 2288; baseline -0.007 -16"><span class='ocrx_word' id='word_1_219' title='bbox 62 2232 244 2272; x_wconf 85' lang='lat' dir='ltr'><strong>ctionem</strong></span> <span class='ocrx_word' id='word_1_220' title='bbox 274 2233 380 2271; x_wconf 83' lang='lat' dir='ltr'><strong>ferat</strong></span> <span class='ocrx_word' id='word_1_221' title='bbox 409 2230 578 2288; x_wconf 79' lang='lat' dir='ltr'><strong>Syriaca</strong></span> <span class='ocrx_word' id='word_1_222' title='bbox 608 2232 822 2282; x_wconf 89' lang='lat' dir='ltr'><strong>dialectus,</strong></span> <span class='ocrx_word' id='word_1_223' title='bbox 857 2248 980 2288; x_wconf 89' lang='lat' dir='ltr'><strong>quam</strong></span> <span class='ocrx_word' id='word_1_224' title='bbox 999 2230 1190 2272; x_wconf 79' lang='lat' dir='ltr'><strong>Christus</strong></span> <span class='ocrx_word' id='word_1_225' title='bbox 1218 2226 1466 2281; x_wconf 81' lang='lat' dir='ltr'><strong>usurpabat:</strong></span> 
     </span>
    </p>
   </div>
   <div class='ocr_carea' id='block_1_3' title="bbox 63 2304 1469 2366">
    <p class='ocr_par' dir='ltr' id='par_1_4' title="bbox 63 2304 1469 2366">
     <span class='ocr_line' id='line_1_29' title="bbox 63 2304 1469 2366; baseline -0.005 -16"><span class='ocrx_word' id='word_1_226' title='bbox 63 2308 297 2366; x_wconf 73' lang='lat' dir='ltr'><strong>cujusmodi</strong></span> <span class='ocrx_word' id='word_1_227' title='bbox 328 2319 388 2348; x_wconf 82' lang='lat' dir='ltr'><strong>est</strong></span> <span class='ocrx_word' id='word_1_228' title='bbox 416 2309 518 2349; x_wconf 86' lang='lat' dir='ltr'><strong>salsa</strong></span> <span class='ocrx_word' id='word_1_229' title='bbox 546 2309 620 2350; x_wconf 78' lang='lat' dir='ltr'><strong>illa</strong></span> <span class='ocrx_word' id='word_1_230' title='bbox 649 2309 833 2349; x_wconf 88' lang='lat' dir='ltr'><strong>nominis</strong></span> <span class='ocrx_word' id='word_1_231' title='bbox 862 2310 980 2350; x_wconf 78' lang='lat' dir='ltr'><strong>Aser</strong></span> <span class='ocrx_word' id='word_1_232' title='bbox 1007 2304 1323 2363; x_wconf 81' lang='lat' dir='ltr'><strong>interpretati0‚</strong></span> <span class='ocrx_word' id='word_1_233' title='bbox 1363 2316 1469 2357; x_wconf 82' lang='lat' dir='ltr'><strong>quae</strong></span> 
     </span>
    </p>
   </div>
   <div class='ocr_carea' id='block_1_4' title="bbox 61 2377 1468 2610">
    <p class='ocr_par' dir='ltr' id='par_1_5' title="bbox 61 2377 1468 2610">
     <span class='ocr_line' id='line_1_30' title="bbox 61 2377 1468 2442; baseline -0.005 -15"><span class='ocrx_word' id='word_1_234' title='bbox 61 2387 236 2427; x_wconf 86' lang='lat' dir='ltr'><strong>habetur</strong></span> <span class='ocrx_word' id='word_1_235' title='bbox 263 2386 305 2426; x_wconf 91' lang='lat' dir='ltr'><strong>in</strong></span> <span class='ocrx_word' id='word_1_236' title='bbox 339 2385 578 2427; x_wconf 89' lang='lat' dir='ltr'><strong>Comment.</strong></span> <span class='ocrx_word' id='word_1_237' title='bbox 608 2387 732 2428; x_wconf 92' lang='lat' dir='ltr'><strong>Tom.</strong></span> <span class='ocrx_word' id='word_1_238' title='bbox 762 2388 877 2428; x_wconf 86' lang='lat' dir='ltr'>XIV.</span> <span class='ocrx_word' id='word_1_239' title='bbox 908 2401 1000 2442; x_wconf 84' lang='lat' dir='ltr'><strong>pag.</strong></span> <span class='ocrx_word' id='word_1_240' title='bbox 1022 2384 1118 2429; x_wconf 80' lang='grc'><strong>616.</strong></span> <span class='ocrx_word' id='word_1_241' title='bbox 1148 2384 1200 2424; x_wconf 84' lang='lat' dir='ltr'><strong>ad</strong></span> <span class='ocrx_word' id='word_1_242' title='bbox 1231 2381 1381 2424; x_wconf 81' lang='lat' dir='ltr'><strong>Matth.</strong></span> <span class='ocrx_word' id='word_1_243' title='bbox 1401 2377 1468 2427; x_wconf 81' lang='grc'><strong>18,</strong></span> 
     </span>
     <span class='ocr_line' id='line_1_31' title="bbox 65 2464 1467 2526; baseline -0.006 -12"><span class='ocrx_word' id='word_1_244' title='bbox 65 2470 144 2521; x_wconf 80' lang='grc'><strong>19.,</strong></span> <span class='ocrx_word' id='word_1_245' title='bbox 174 2470 288 2526; x_wconf 81' lang='lat' dir='ltr'><strong>quasi</strong></span> <span class='ocrx_word' id='word_1_246' title='bbox 306 2470 559 2510; x_wconf 81' lang='lat' dir='ltr'><strong>derivetura</strong></span> <span class='ocrx_word' id='word_1_247' title='bbox 595 2474 676 2510; x_wconf 60' lang='lat'><strong>*70*</strong></span> <span class='ocrx_word' id='word_1_248' title='bbox 713 2468 898 2520; x_wconf 65' lang='lat' dir='ltr'><strong>erudiit,</strong></span> <span class='ocrx_word' id='word_1_249' title='bbox 939 2469 1128 2526; x_wconf 68' lang='lat' dir='ltr'><strong>ligavit,</strong></span> <span class='ocrx_word' id='word_1_250' title='bbox 1173 2484 1270 2509; x_wconf 87' lang='lat' dir='ltr'><strong>cum</strong></span> <span class='ocrx_word' id='word_1_251' title='bbox 1306 2465 1379 2504; x_wconf 76' lang='lat' dir='ltr'><strong>fiat</strong></span> <span class='ocrx_word' id='word_1_252' title='bbox 1414 2464 1467 2504; x_wconf 75' lang='lat' dir='ltr'><strong>ab</strong></span> 
     </span>
     <span class='ocr_line' id='line_1_32' title="bbox 64 2548 1468 2610; baseline -0.002 -20"><span class='ocrx_word' id='word_1_253' title='bbox 64 2555 162 2591; x_wconf 45' lang='lat'><strong>50&amp;</strong></span> <span class='ocrx_word' id='word_1_254' title='bbox 192 2553 368 2608; x_wconf 63' lang='lat' dir='ltr'><strong>legavit.</strong></span> <span class='ocrx_word' id='word_1_255' title='bbox 428 2553 695 2610; x_wconf 80' lang='lat' dir='ltr'><strong>Quamquam</strong></span> <span class='ocrx_word' id='word_1_256' title='bbox 732 2554 982 2595; x_wconf 87' lang='lat' dir='ltr'><strong>auctoritate</strong></span> <span class='ocrx_word' id='word_1_257' title='bbox 1020 2569 1166 2594; x_wconf 89' lang='lat' dir='ltr'><strong>senum</strong></span> <span class='ocrx_word' id='word_1_258' title='bbox 1207 2548 1468 2606; x_wconf 84' lang='lat' dir='ltr'><strong>septuaginta</strong></span> 
     </span>
    </p>
   </div>
   <div class='ocr_carea' id='block_1_5' title="bbox 65 2636 1464 2695">
    <p class='ocr_par' dir='ltr' id='par_1_6' title="bbox 65 2636 1464 2695">
     <span class='ocr_line' id='line_1_33' title="bbox 65 2636 1464 2695; baseline -0.001 -19"><span class='ocrx_word' id='word_1_259' title='bbox 65 2637 247 2677; x_wconf 78' lang='lat' dir='ltr'><strong>excusari</strong></span> <span class='ocrx_word' id='word_1_260' title='bbox 275 2637 319 2677; x_wconf 88' lang='lat' dir='ltr'><strong>id</strong></span> <span class='ocrx_word' id='word_1_261' title='bbox 351 2649 516 2692; x_wconf 84' lang='lat' dir='ltr'><strong>potest,</strong></span> <span class='ocrx_word' id='word_1_262' title='bbox 547 2638 619 2694; x_wconf 91' lang='lat' dir='ltr'><strong>qui</strong></span> <span class='ocrx_word' id='word_1_263' title='bbox 649 2641 749 2676; x_wconf 47' lang='lat'><strong>³0&amp;</strong></span> <span class='ocrx_word' id='word_1_264' title='bbox 790 2639 1018 2695; x_wconf 88' lang='lat' dir='ltr'><strong>aliquando</strong></span> <span class='ocrx_word' id='word_1_265' title='bbox 1064 2636 1121 2678; x_wconf 84' lang='lat' dir='ltr'><strong>ita</strong></span> <span class='ocrx_word' id='word_1_266' title='bbox 1175 2636 1464 2682; x_wconf 79' lang='lat' dir='ltr'><strong>reddiderunt,</strong></span> 
     </span>
    </p>
   </div>
   <div class='ocr_carea' id='block_1_6' title="bbox 187 2843 1120 2903">
    <p class='ocr_par' dir='ltr' id='par_1_7' title="bbox 187 2843 1120 2903">
     <span class='ocr_line' id='line_1_34' title="bbox 187 2843 1120 2903; baseline -0.009 -15"><span class='ocrx_word' id='word_1_267' title='bbox 187 2845 230 2900; x_wconf 79' lang='lat'><strong>¹)</strong></span> <span class='ocrx_word' id='word_1_268' title='bbox 262 2843 348 2886; x_wconf 82' lang='lat' dir='ltr'><strong>Csr.</strong></span> <span class='ocrx_word' id='word_1_269' title='bbox 380 2844 623 2903; x_wconf 83' lang='lat' dir='ltr'><strong>Hieronym.</strong></span> <span class='ocrx_word' id='word_1_270' title='bbox 657 2864 722 2903; x_wconf 80' lang='lat' dir='ltr'><strong>cp.</strong></span> <span class='ocrx_word' id='word_1_271' title='bbox 753 2847 819 2890; x_wconf 85' lang='lat'><strong>25.</strong></span> <span class='ocrx_word' id='word_1_272' title='bbox 851 2847 902 2888; x_wconf 77' lang='lat' dir='ltr'><strong>ad</strong></span> <span class='ocrx_word' id='word_1_273' title='bbox 933 2846 1120 2888; x_wconf 75' lang='lat' dir='ltr'><strong>Paulam,</strong></span> 
     </span>
    </p>
   </div>
  </div>
 </body>
</html>
