1759 3125
485 68 879 109 Omen-sumnum
910 65 1052 105 mez
1087 63 1135 104 Η.
1424 57 1507 101 279

87 199 191 238 quae
227 182 368 221 locum
401 178 595 230 Origenis
632 194 755 233 supra
796 178 969 217 allatum
1006 174 1239 230 excipiuntt
1287 172 1346 214 Ut
1376 183 1504 226 ergo,

86 258 246 314 inquit,
283 256 493 311 superius
522 253 748 308 diximus,
787 254 1050 296 materialis
1075 250 1342 294 substantia
1373 247 1506 302 huJ'us

83 332 246 376 mundi
279 332 456 374 liabens
493 338 740 383 naturam,
785 344 899 388 qaae
928 344 991 374 ea:
1020 326 1226 372 omnibus
1256 323 1322 369 ad
1348 325 1503 365 omnia

86 409 481 459 transformatur,
529 423 630 451 cum
667 408 735 451 ad
767 408 1014 461 inferiores
1052 418 1241 463 quosque
1279 400 1503 450 trahitur,

82 489 130 528 in
161 488 434 528 crassiorem
473 489 675 542 corporis
701 493 902 534 statum,
940 481 1287 537 solidioremque
1320 479 1502 533 forma-

83 571 176 617 tur,
207 565 279 604 ita
307 569 358 603 ut
388 563 584 605 visibiles
613 567 728 605 istas
758 560 922 604 mnndi
949 564 1134 617 species,
1163 562 1406 613 variasque
1435 553 1503 597 di-

80 642 318 695 stiuguat:
349 653 450 681 cum
480 653 584 682 vero
612 637 968 696 perfectioribus
997 639 1237 679 ministrat
1262 641 1307 675 et
1332 632 1501 675 beatio-

80 714 228 769 ribus,
269 717 318 757 in
350 715 542 771 fulgore
572 716 830 758 coelestium
860 727 1100 772 corporum
1130 715 1297 763 micat,
1338 716 1384 751 et
1413 710 1501 764 spi-

80 793 269 835 ritualis
297 795 500 849 corporis
529 790 809 835 indumentis
838 794 911 836 vel
936 792 1126 849 angelos
1152 791 1258 840 Dei,
1289 786 1501 842 velfili'os

82 871 434 912 resurrectionis
452 876 668 912 exornat.
710 871 796 911 Sed
820 882 862 911 et
891 871 987 912 libr.
1006 870 1043 912 4.
1074 869 1117 910 in
1139 862 1500 922 Anacephalaeosi

81 965 196 988 num.
228 947 295 990 35.
354 947 598 1002 Semper¹)
645 954 800 988 autem
836 955 977 989 erunt
1016 943 1321 988 rationabiles
1350 948 1498 983 nata-

83 1038 180 1075 rae,
211 1037 327 1080 quae
358 1021 570 1079 indigent
601 1022 867 1067 valamento
901 1037 1117 1081 corporeo
1128 1042 1142 1073 ;
1180 1034 1357 1078 semper
1386 1027 1501 1075 ergo

83 1104 175 1144 erit
206 1108 384 1142 natura
414 1113 648 1156 corporea,
681 1101 1100 1157 cujusindumentis
1128 1102 1202 1142 uti
1227 1109 1404 1140 necesse
1433 1089 1502 1137 es't

83 1176 385 1221 rationabiles
416 1185 672 1220 creaturas.
733 1179 836 1221 Nisi
863 1183 959 1236 quis
982 1186 1117 1236 putet
1143 1177 1327 1234 posse2)
1358 1187 1405 1215 se
1434 1172 1502 1213 ul-

84 1258 139 1298 lis
169 1252 495 1297 assertionibus
525 1254 785 1307 ostendere,
824 1255 944 1313 quod
966 1259 1109 1314 possit
1140 1262 1317 1296 natura
1346 1252 1500 1292 ratio-

85 1332 253 1375 nabilis
283 1330 447 1387 absque
477 1333 567 1373 ullo
600 1346 786 1389 corpore
823 1337 968 1376 vitam
1007 1332 1187 1389 degere.
1247 1328 1338 1373 Sed
1366 1340 1503 1384 quam

85 1408 278 1464 dafffici'le
308 1410 382 1458 sit,
413 1415 458 1449 et
489 1422 626 1464 quam
653 1424 800 1466 paene
830 1409 1102 1466 impossibile
1131 1408 1389 1451 intellectui
1415 1417 1502 1446 no-

85 1495 205 1536 stro,
242 1488 289 1527 in
330 1485 637 1541 superioribus
678 1488 867 1542 singula
905 1485 1178 1528 disserentes
1215 1481 1504 1527 ostendimus.

87 1566 362 1619 Quapropter
389 1563 567 1604 Photius
608 1564 714 1605 Cod.
749 1565 842 1608 106.
902 1565 1221 1617 Theognostum
1259 1559 1508 1604 Alexandri—

84 1659 186 1683 num
227 1642 337 1680 libro
388 1651 536 1695 quarto
577 1642 918 1700 Hypotyposeon
959 1659 1005 1682 ex
1044 1653 1186 1682 mente
1224 1652 1265 1681 et
1301 1637 1508 1680 sententia

88 1718 282 1771 Origenis
322 1716 533 1772 scripsisse
572 1722 725 1770 rest-rt,
768 1719 928 1773 angelis
972 1731 1014 1760 ct
1063 1717 1344 1760 daemonibus
1383 1716 1507 1758 exilia

88 1811 269 1851 corpora
300 1810 388 1835 esse
420 1795 736 1852 circumposita.

208 1957 245 2011 ¹)
278 1953 414 2011 Hujus
446 1963 664 1992 contextus
690 1951 972 2006 posteriorem
1002 1963 1182 2007 partem,
1209 1962 1362 2006 utpote
1394 1966 1511 1991 erro-

87 2042 223 2075 neam,
254 2036 295 2065 et
325 2041 348 2065 a
378 2023 532 2065 Rufino
567 2021 892 2070 dissimulatam,
936 2021 993 2062 sic
1025 2021 1192 2061 exhibet
1222 2021 1510 2078 Hieronymus

28 2101 33 2108 “
89 2097 131 2136 in
163 2112 228 2151 ep.
259 2095 311 2134 ad
340 2093 537 2134 Avitum:
567 2091 620 2135 Si
647 2095 741 2147 qais
771 2101 926 2135 autem
950 2094 1156 2148 potuerit
1175 2088 1411 2132 ostendere
1440 2091 1510 2132 in-

91 2165 375 2222 corporalem
414 2160 826 2218 rationabilemque
864 2169 1110 2213 maturam,
1149 2175 1250 2204 cum
1280 2160 1511 2217 exspolia-

90 2238 207 2278 verit
237 2248 283 2275 se
315 2246 526 2289 corpore,
557 2234 705 2274 vicere
729 2246 818 2289 per
845 2239 986 2274 semet
1015 2235 1180 2289 ipsam,
1211 2239 1255 2273 et
1285 2233 1333 2272 in
1360 2232 1515 2286 pejori

91 2319 183 2348 esse
214 2302 486 2353 conditione,
518 2302 696 2359 quando
720 2306 982 2360 corporibus
1002 2305 1196 2345 vestitur
1204 2321 1219 2353 ,·
1247 2304 1295 2344 in
1318 2302 1510 2356 meliori,

95 2373 273 2432 quaudo
314 2374 398 2415 illa
435 2372 641 2429 deponit:
682 2373 798 2414 nulli
834 2372 1019 2415 rlutn‘um
1059 2380 1149 2424 est,
1193 2386 1389 2428 corpora
1417 2386 1508 2414 non

89 2446 414 2504 principaliter
450 2443 720 2498 subsistere,
759 2441 840 2484 sed
863 2458 950 2499 per
977 2443 1228 2485 intervalla
1257 2450 1303 2486 et
1336 2442 1389 2485 ob
1419 2457 1509 2486 va-

95 2522 185 2560 rios
215 2523 361 2558 motus
390 2514 738 2556 rationabilium
771 2521 1100 2556 creaturarum
1131 2527 1252 2556 nunc
1268 2513 1409 2569 fieri,
1445 2520 1512 2564 ut,

97 2590 174 2643 qui
202 2586 269 2627 lzis
298 2584 536 2641 indigent,
579 2587 856 2626 vestiantur:
896 2591 943 2626 et
978 2597 1163 2626 rursum
1193 2597 1294 2625 cum
1323 2585 1406 2625 illa
1437 2582 1511 2625 de-

95 2658 370 2713 pravatione
400 2656 606 2711 lapsuum
637 2668 682 2696 se
708 2653 772 2696 ad
790 2655 981 2696 meliora
998 2657 1304 2707 correxerint,
1334 2653 1519 2696 dissolvi

102 2729 150 2768 in
181 2725 393 2767 nihilum:
423 2732 468 2767 et
500 2724 588 2767 liae
613 2738 790 2781 semper
817 2729 1094 2767 successione
1123 2727 1316 2767 variari.
1348 2726 1400 2766 P..

218 2797 261 2851 2)
292 2795 402 2838 Edd.
433 2796 600 2837 Huetii:
628 2808 757 2852 posse
786 2796 858 2839 vel
884 2793 1210 2838 assertionibus
1240 2792 1489 2837 ostendere.
