1759 3125
248 68 332 114 184
670 72 813 116 Pfirm
840 74 1057 117 DAmnms
1088 74 1253 117 HUETu

253 198 348 222 rum
377 181 484 223 nihil
513 195 597 224 tam
626 186 850 243 proprium
881 185 950 229 est=
971 204 1095 244 quam
1126 188 1265 241 liberi,
1297 204 1402 245 quos
1428 198 1675 241 genuerunt.

258 265 550 320 Quamobrem
579 269 668 310 Eva
700 272 803 312 dixit
833 273 884 314 de
917 272 1073 314 Caino:
1104 276 1240 315 ἔ-ΠΠἿ
1277 278 1346 311 1²³&
1384 276 1487 314 111³&
1523 275 1674 323 *NUP-

256 343 390 384 LXX.
425 343 713 402 Ἐκτησὰμην
753 346 1005 404 ἄνθρωπον
1045 349 1120 393 διὰ
1161 352 1240 393 τοῦ
1279 352 1405 394 θεοῦ.
1472 348 1676 401 Vulgata:
1734 340 1738 343 Α

255 418 446 462 Ροεςειίι·
473 420 698 466 hominem
721 439 809 482 per
839 426 1004 468 Deum.
1064 425 1224 466 Filium
1263 426 1390 479 igitur
1427 432 1594 481 κτίσμα
1624 426 1676 465 ab

260 495 445 548 Origene
472 500 633 542 dictum
664 505 835 544 credere
866 519 1089 559 possumus
1120 503 1201 544 hoc
1232 519 1376 555 sensu,
1406 520 1490 560 quo
1522 502 1624 544 Filii
1655 518 1679 542 a

256 575 501 628 parentibus
533 580 664 620 creari
696 580 903 621 dicuntur.
965 579 1242 645 Quapropter
1281 597 1376 622 cum
1414 581 1539 620 Tom.
1570 580 1602 621 Ι.
1634 578 1678 618 in

257 648 408 695 Joann.
440 670 555 697 num.
586 656 652 699 22.
686 657 936 713 sapientiam
965 657 1214 707 animatam,
1244 658 1289 698 id
1320 669 1380 698 est
1408 656 1585 706 Filium,
1616 656 1679 696 di-

260 741 373 769 ceret
402 746 425 771 a
454 733 552 772 Deo
585 750 671 774 esse
703 746 907 785 creatam,
938 735 1202 776 locutionem
1232 735 1350 775 illam
1381 734 1568 774 mollivit
1598 734 1680 773 hoc

259 814 622 862 temperamento:
653 809 707 853 ἵν’
743 809 881 860 οὕτως
912 816 1040 856 εἴπω.
1098 813 1162 853 En
1194 812 1272 853 tibi
1304 813 1450 852 verba:
1479 814 1572 853 Καὶ
1602 813 1679 853 λε-

260 887 407 939 κτέον,
443 884 509 929 ὅτι
541 892 709 942 κτίσας,
743 888 796 931 ἵν’
834 888 972 938 οὕτως
1002 894 1130 943 εἴπω,
1165 889 1247 943 τὴν
1272 891 1486 944 ἔμψυχον
1505 893 1679 945 σοφίαν

263 957 284 1001 ὁ
317 960 437 1017 θεὸς,
471 964 579 1025 αὐτῇ
611 967 880 1024 ἐπέτρεψεν,
922 979 999 1010 etc.
1059 969 1148 1009 Nec
1190 967 1249 1008 sic
1287 979 1428 1008 tamen
1461 964 1578 1006 docti
1608 981 1680 1005 cu-

260 1035 422 1093 jusdam
452 1041 531 1083 viri
562 1044 909 1099 reprehensiones
939 1046 1060 1086 locus
1089 1045 1168 1086 iste
1200 1045 1362 1098 effugit.

373 1118 651 1175 Sequentium
679 1122 873 1163 locorum
905 1123 1064 1164 crimen
1094 1124 1176 1164 hoc
1209 1134 1291 1174 est,
1332 1123 1448 1178 quod
1479 1121 1681 1162 Servator

259 1205 403 1234 noster
441 1198 683 1252 appelletur
719 1199 825 1250 θεὸς
855 1198 1090 1257 γενιήῑός·
1128 1200 1243 1258 cujus
1283 1211 1522 1254 postremae
1562 1197 1680 1238 vocis

263 1285 309 1310 ea
341 1283 402 1312 est
431 1275 692 1326 ambiguitas,
724 1290 765 1318 et
795 1291 880 1319 tam
913 1279 1068 1319 crebris
1109 1276 1465 1332 disputationibus
1505 1275 1680 1315 ventila-

260 1356 327 1387 tus
358 1348 620 1403 intellectus,
658 1366 704 1394 ut
745 1356 882 1396 omnis
921 1356 1019 1396 inde
1060 1354 1317 1410 quaestionis
1346 1352 1468 1410 hujus
1498 1353 1680 1408 pendeat

260 1423 523 1480 dijudicatio.
587 1430 893 1473 Perscrutanda
936 1433 1078 1488 itaque
1126 1431 1201 1471 illa
1247 1442 1308 1471 est
1349 1441 1560 1480 accurate,
1604 1429 1679 1470 sed

256 1502 414 1557 paucis.
473 1507 512 1545 A
542 1506 743 1562 γεννιὲω,
771 1511 947 1564 ¹geguo,
978 1510 1026 1550 fit
1059 1507 1285 1566 γεννητὸς,
1313 1509 1523 1564 genitus.-
1551 1523 1573 1548 a
1602 1511 1680 1564 yt-

259 1595 424 1637 νομαι,
453 1595 576 1635 sum,
607 1589 804 1638 exsisto,
840 1589 888 1629 fit
928 1586 1137 1645 γενητός,
1179 1589 1261 1628 hoc
1292 1597 1375 1637 est,
1416 1582 1588 1627 habens
1619 1582 1677 1626 ab

260 1657 410 1714 aliquo
449 1667 503 1703 ut
541 1664 613 1703 sit.
683 1665 829 1721 Itaque
869 1665 903 1706 si
942 1665 1119 1721 proprie
1158 1664 1279 1721 loqui
1322 1663 1520 1713 velimus,
1557 1663 1676 1704 Deus

258 1735 385 1776 Pater
417 1749 477 1778 est
508 1738 774 1801 (Ξγέννητρς,
824 1754 865 1783 et
896 1743 1133 1799 ἀγένητος,
1180 1742 1277 1797 quia
1312 1757 1450 1796 neque
1491 1742 1542 1781 ab
1581 1741 1674 1781 ullo

256 1814 420 1865 genitus
450 1828 523 1867 est,
554 1834 690 1874 neque
722 1820 773 1859 ab
804 1820 895 1860 ullo
928 1821 1055 1861 habet
1084 1832 1131 1861 ut
1161 1819 1340 1861 exsistat.
1402 1820 1510 1859 Item
1538 1818 1677 1859 Filius

259 1902 320 1930 est
353 1892 579 1947 γεννητός,
606 1898 817 1950 genitus:
845 1914 941 1938 nam
963 1899 1144 1950 gignitur
1173 1913 1195 1938 a
1216 1897 1365 1937 Patre:
1395 1907 1456 1936 est
1477 1894 1675 1952 γενητός,
1734 1910 1747 1922 ·

257 1983 354 2008 nam
383 1985 407 2010 a
435 1970 559 2011 Patre
592 1973 650 2014 sic
680 1985 894 2030 tamquam
924 1991 947 2016 a
976 1974 1188 2030 principio
1221 1975 1348 2015 habet
1375 1984 1423 2013 ut
1452 1973 1516 2015 sit.
1575 1972 1677 2028 Spi-

255 2044 359 2086 ritus
392 2063 491 2087 vero
523 2061 688 2091 sanctus
718 2067 805 2091 non
837 2063 897 2092 est
926 2049 1159 2108 γεννηϊός,
1198 2051 1272 2090 sed
1316 2047 1523 2106 γενητός·
1561 2050 1677 2102 geni-

256 2132 396 2163 torem
429 2124 540 2166 enim
581 2128 846 2178 nonhabet,
886 2130 959 2169 sed
1000 2129 1126 2168 habet
1165 2143 1187 2167 a
1229 2127 1354 2168 Patre
1395 2138 1436 2167 et
1471 2127 1588 2167 Filio
1628 2139 1677 2168 ut

256 2200 432 2244 exsistat.
472 2202 588 2243 Haec
619 2215 679 2243 est
708 2204 883 2260 propria
915 2222 1070 2246 vocum
1099 2205 1268 2245 illarum
1297 2204 1433 2253 notio,
1465 2221 1589 2260 quam
1616 2216 1679 2245 ta-

257 2293 357 2319 men
395 2295 474 2320 nec
514 2297 681 2337 semper
725 2293 943 2322 servarunt
983 2282 1152 2332 Patres,
1202 2294 1243 2323 et
1284 2283 1477 2323 consulto
1517 2283 1675 2339 permi-

255 2370 452 2400 scuerunt
481 2374 528 2398 ac
560 2359 843 2400 confuderunt
875 2359 1038 2409 Ariani,
1081 2371 1128 2400 ut
1167 2359 1211 2400 in
1251 2361 1447 2412 ambigua
1476 2376 1582 2400 voce
1613 2361 1675 2401 fa-

260 2433 380 2475 cilius
411 2435 606 2476 fraudem
637 2447 860 2478 struerent.
921 2437 1126 2489 Origenes
1159 2454 1259 2478 vero
1294 2454 1390 2477 cum
1407 2436 1571 2477 Filium
1602 2454 1674 2493 ap-

257 2511 391 2566 pellat
422 2513 613 2568 γενητὸν
630 2512 755 2564 θεόν,
785 2514 843 2554 sic
873 2514 1041 2570 accipe:
1075 2517 1154 2570 quc⁸
1179 2517 1461 2571 principium
1489 2517 1565 2556 suc·
1591 2514 1674 2557 Iza-

258 2586 344 2639 bet,
375 2597 420 2631 et
450 2589 710 2632 exsistendi
736 2593 935 2632 initium.
993 2592 1109 2633 Filio
1153 2592 1323 2648 quidem
1355 2578 1582 2632 commune
1612 2604 1675 2633 est

257 2683 352 2708 cum
386 2667 535 2708 creatis
573 2669 721 2718 rebus,
763 2667 828 2708 sui
864 2668 1124 2724 principium
1167 2686 1214 2709 ac
1254 2669 1459 2722 originem
1496 2670 1673 2712 habere:

255 2745 475 2786 emanandi
505 2758 645 2786 autem
677 2762 725 2786 ex
754 2746 830 2787 illo
862 2746 1073 2802 principio
1105 2763 1150 2787 ac
1170 2747 1410 2803 prodeundi
1425 2747 1532 2788 ratio
1548 2748 1673 2803 plane

257 2821 421 2864 diversa
452 2835 534 2865 est:
572 2821 719 2879 prodit
757 2823 869 2865 enim
907 2824 1042 2866 Filius
1079 2840 1157 2881 per
1200 2825 1511 2878 generationem
1542 2838 1674 2867 aeter·

1755 2014 1757 2021 ⁴
1757 1914 1759 1966 „Mu
1752 1687 1759 1904 ————.-.
1751 1510 1759 1679 ——-...=⁴2
