1759 3125
471 110 866 152 OfflGENIANORUM
898 110 1040 150 Lmen
1076 109 1102 149 Ι.
1435 109 1486 153 31

193 223 247 263 II.
319 222 507 277 Propere
538 222 576 277 ¹)
625 222 873 276 perlustrata
919 222 1079 269 Roma,
1126 220 1264 260 statim
1316 221 1492 261 Alexan-

70 299 203 340 driam
235 298 438 351 Origenes
473 299 666 354 repetiit,
699 298 934 353 traditaque
975 297 1013 337 ei
1055 314 1219 338 rursum
1262 308 1321 336 est
1351 313 1373 336 a
1403 298 1491 337 De-

68 376 221 416 metrio
255 376 666 417 Catechumenorum
705 374 950 416 Christianis
993 374 1198 426 dogmatis
1238 373 1493 413 imbuendo-

70 471 165 493 rum
208 469 317 493 cura.
387 452 487 506 Quo
530 469 625 492 cum
665 451 708 492 in
750 469 901 507 opere,
941 451 1103 492 omissis
1145 450 1290 492 ceteris
1330 449 1491 500 studiis,

71 530 160 571 dies
196 546 242 570 ae
271 541 416 570 noctes
447 541 688 582 urgeretur,
731 544 808 569 nec
846 527 925 567 sibi
956 529 1009 568 ad
1038 528 1296 584 Scripturae,
1332 527 1492 568 divina-

69 623 246 662 rumque
277 623 417 647 rerum
457 607 854 662 pervestigationem
893 605 1046 661 reliqui
1085 605 1313 661 quidquam
1352 606 1490 645 facere

69 695 225 739 posset,
257 684 438 722 docendi
472 699 621 723 munus
654 700 747 723 cum
777 683 968 732 Heracla,
1002 682 1071 738 qui
1105 694 1195 722 turn
1227 681 1373 722 ceteris
1406 680 1492 738 ejus

72 762 308 816 praestabat
338 760 569 814 discipulis,
601 760 658 800 ita
688 759 863 814 partitus
894 771 978 809 est,
1009 771 1056 799 ut
1087 759 1328 799 rudioribus
1358 759 1492 813 prima

71 837 286 878 doctrinae
330 836 587 878 Christianae
625 836 834 876 elementa
882 835 950 876 liic
989 837 1195 885 traderet,
1241 834 1492 876 maturiores

70 914 144 954 ille
176 926 218 954 et
247 913 330 969 jam
362 931 440 953 usu
469 913 630 969 peritos
658 913 888 953 reconditis
921 912 1126 965 dogmatis
1156 913 1394 953 instrueret.

184 993 256 1032 ΙΙΙ.
317 990 427 1031 Hinc
444 991 486 1046 2)
526 990 788 1045 aliquantum
830 991 1013 1030 lucratus
1054 990 1153 1042 otii,
1205 1007 1255 1030 eo
1301 990 1353 1030 ad
1394 1004 1494 1029 eno-

71 1069 224 1109 dandas
256 1068 498 1124 Scripturae
539 1067 804 1107 obscuriores
847 1067 1143 1119 intelligentias
1183 1084 1279 1107 usus
1311 1078 1392 1116 est,
1431 1082 1493 1106 se-

68 1162 196 1202 seque
226 1145 270 1185 in
301 1162 352 1186 eo
383 1146 522 1186 studio
556 1144 813 1201 quotidianis
858 1144 1287 1185 commentationibus
1319 1143 1494 1195 diligen-

70 1236 134 1264 ter
164 1223 340 1276 subegit.
398 1223 558 1263 Verum
590 1239 685 1263 cum
724 1238 896 1277 operam
928 1238 1042 1261 suam
1075 1222 1229 1276 absque
1261 1221 1493 1262 Hebraicae

71 1302 234 1354 linguae
273 1299 428 1340 notitia
465 1300 618 1340 frustra
658 1299 849 1339 consumi
892 1298 1188 1348 intellexisset,
1241 1298 1285 1339 id
1325 1315 1494 1354 quoque

74 1390 368 1419 ornamentum
410 1379 461 1418 ad
502 1376 684 1432 reliquas
724 1376 942 1416 doctrinae
983 1392 1079 1416 suae
1122 1376 1264 1416 laudes
1294 1374 1494 1432 adjunxit.

72 1458 255 1497 Joannes
287 1454 545 1496 Trithernius
581 1453 623 1494 in
658 1454 767 1493 libro
809 1455 859 1493 (le
897 1453 1175 1508 scriptoribus
1207 1451 1496 1492 ecclesiasticis

73 1551 138 1574 res
171 1532 364 1585 Origenis
397 1531 528 1572 literis
559 1547 831 1586 prosequens,
864 1530 1001 1585 ipsum
1024 1529 1196 1584 aitjam
1220 1541 1370 1569 senem
1393 1541 1496 1568 con-

74 1619 155 1654 tra
184 1624 316 1651 snam
347 1617 553 1650 aetatem
585 1608 796 1662 [sug-uam
824 1607 1101 1647 Hem-ascum
1131 1603 1349 1646 dldlce'sse.
1394 1605 1496 1645 Per-

75 1704 221 1743 peram
241 1702 394 1740 nempe
426 1684 588 1739 accepit
618 1684 693 1725 ista
717 1684 988 1740 Hieronymi:
1008 1685 1049 1739 3)
1088 1683 1289 1724 Tantum
1311 1684 1356 1722 in
1375 1681 1496 1725 Scri-

69 1766 225 1821 pture's
255 1761 418 1804 divinis
449 1761 612 1803 ltabm't
640 1759 805 1815 studii,
849 1767 901 1801 ut
937 1763 1078 1802 etlam
1122 1757 1381 1801 Hebraeam
1414 1760 1498 1801 liu-

72 1854 220 1896 gnam
249 1846 415 1881 contra
446 1841 638 1890 aetatis,
667 1840 908 1894 gentisque
938 1851 1049 1878 suae
1079 1844 1304 1878 varenam
1332 1835 1499 1878 edisce-

74 1925 160 1959 ret.
221 1917 342 1971 Quae
390 1917 449 1957 sic
490 1916 703 1968 intelligo:
746 1914 830 1970 jam
868 1914 1034 1955 virilem
1077 1925 1254 1955 aetatem
1298 1915 1500 1969 adeptum

79 1994 403 2044 Adamanfium,
446 2009 551 2049 quae
592 2004 701 2033 aetas
749 1991 1052 2033 Grammaticas
1083 1992 1207 2032 tricas
1238 2008 1284 2032 ac
1316 1991 1502 2047 quisqui-

79 2073 153 2114 lias
184 2070 395 2128 aspernari
426 2071 556 2120 solet,
603 2081 644 2110 et
682 2068 941 2122 gravioribus
980 2067 1128 2109 studiis
1174 2069 1395 2120 delectari,
1446 2085 1496 2110 eo

79 2162 218 2191 tamen
273 2147 487 2189 demisisse
519 2146 731 2197 animum,
775 2158 822 2186 ut
861 2146 902 2186 in
943 2147 1020 2187 hae
1061 2158 1147 2186 arte
1188 2162 1230 2186 se
1275 2158 1496 2187 exerceret.

78 2227 204 2268 Nulla
241 2226 330 2267 illic
368 2226 592 2266 senectutis
640 2224 900 2278 significatiO.
972 2224 1353 2276 BIagdeburgenses
1397 2240 1498 2264 vero

81 2304 252 2346 Centur.
281 2304 356 2345 III.
391 2319 479 2358 cap.
514 2302 578 2345 10.
610 2303 724 2343 idem
754 2313 922 2343 narrant
952 2301 1014 2342 his
1046 2300 1206 2341 verbis:
1245 2301 1320 2342 Ila
1350 2303 1502 2357 igl'tnr

81 2383 165 2423 otii
192 2380 530 2436 aliquantulum
560 2387 751 2430 nactus,
785 2377 849 2419 ad
876 2376 1140 2420 discendam
1171 2378 1381 2434 linguam
1413 2379 1500 2420 He-

85 2456 301 2511 braeum,
341 2470 454 2499 suae
493 2458 666 2513 alioqui
699 2463 905 2498 naturae
939 2453 1207 2509 adversam,
1247 2463 1299 2497 ut
1336 2453 1504 2498 Sm‘das

205 2701 247 2755 ¹)
282 2701 368 2742 Cfr.
399 2702 553 2742 Euseb.
586 2700 694 2742 Hist.
728 2702 877 2742 eccles.
911 2701 983 2743 lib.
1015 2704 1086 2743 Vl.
1121 2719 1209 2757 cap.
1243 2700 1308 2743 14.
1340 2712 1382 2741 et
1412 2700 1475 2742 15.

202 2770 246 2825 ²)
277 2770 363 2812 Cfr.
394 2771 548 2812 Euseb.
579 2772 687 2812 Hist.
722 2772 869 2812 eccles.
903 2771 974 2813 lib.
1006 2774 1077 2814 Vl.
1108 2789 1196 2827 cap.
1233 2770 1296 2814 16.

202 2839 243 2894 ³³)
277 2839 361 2882 Csr.
391 2840 639 2896 Hieronym.
672 2841 744 2883 lib.
777 2843 828 2883 de
858 2842 1098 2898 scriptorib.
1133 2839 1401 2882 ecclesiastic.
