1759 3125
237 108 322 153 366
792 104 1026 147 Excunsus
1055 104 1096 161 ¹l.

238 235 428 277 tempus,
461 235 555 259 cum
586 216 867 273 principium,
914 217 957 257 id
991 228 1072 266 est,
1121 217 1359 273 Sapientia,
1393 211 1558 271 ἄλογος
1584 206 1657 269 ἧν,

239 300 328 341 sine
357 298 500 341 Verbo
533 306 575 336 et
603 294 783 335 Ratione
815 306 933 335 esset.
960 276 965 282 ἱ
993 294 1160 334 Ibidem
1191 310 1286 334 cum
1317 293 1499 342 dixisset,
1530 291 1658 332 vitam

239 377 282 417 in
314 376 458 415 Verbo
491 373 642 413 factam
674 388 775 422 esse,
807 387 853 412 ac
873 372 1061 412 Verbum
1094 386 1181 411 esse
1213 371 1533 426 quodammodo
1566 380 1660 409 ante

240 454 382 501 vitam,
414 451 511 507 quia
540 450 623 490 vita
654 449 722 490 lux
755 462 826 498 est,
858 464 936 488 nec
968 448 1035 487 lux
1061 459 1148 488 erat
1173 447 1408 498 hominum,
1439 460 1662 503 antequam

240 529 432 571 homines
455 539 610 569 essent:
640 538 800 576 monet,
831 541 882 565 ne
907 524 998 580 quis
1028 540 1048 564 a
1079 540 1121 565 se
1147 527 1386 581 χρονικαῖς,
1415 522 1663 579 temporali—

241 620 329 657 ter,
372 606 474 646 haec
521 605 602 645 dici
634 616 778 660 putet,
821 601 936 657 quasi
974 601 1075 640 haec
1117 601 1344 657 aliquando
1376 617 1461 641 non
1493 600 1664 657 suerint,

241 685 314 726 sed
343 683 445 724 haec
475 698 497 722 a
527 698 584 731 se,
615 692 814 737 quantum
847 680 899 719 ad
929 678 1121 719 homines
1151 690 1327 734 spectat,
1357 677 1463 718 serie
1487 678 1665 733 quadam

245 774 287 803 et
316 760 464 802 ordine
496 758 716 800 recenseri.
777 758 853 798 His
884 758 1005 808 adde,
1039 756 1154 812 quod
1187 756 1339 796 eodem
1360 755 1517 805 Tomo,
1548 770 1664 795 num.

242 839 325 888 28„
358 848 502 879 contra
532 835 785 884 haereticos,
828 835 900 890 qui
939 833 1246 890 prophetarum
1278 834 1329 873 de
1362 832 1530 874 Christo
1563 831 1667 872 vati-

246 915 353 957 cinia
382 926 429 954 ut
468 912 631 953 inutilia
675 911 943 969 rejiciebant,
988 912 1247 952 demonstrat
1286 910 1430 951 Deum
1468 908 1665 958 voluisse,

243 1006 291 1034 ut
320 991 463 1033 multis
493 989 746 1042 argumentis
778 1001 1010 1039 constaret,
1055 988 1121 1032 ὅτι
1159 988 1267 1037 θεὸς
1305 986 1327 1032 ὁ
1371 986 1484 1042 ὑπὲρ
1515 983 1665 1030 πάντα

244 1070 298 1115 τὰ
329 1068 524 1125 γεννηῑὰ
556 1065 900 1125 ἒνανθρώπησε.

357 1149 412 1188 V.
469 1145 747 1201 Periniquum
779 1146 915 1195 foret,
945 1156 1011 1185 tot
1041 1144 1209 1185 eximias
1250 1145 1475 1185 sententias
1513 1143 1665 1183 eodem

245 1225 404 1278 effugio
439 1224 637 1270 eludere,
678 1239 762 1278 quo
796 1222 992 1263 Petavius
1026 1233 1066 1262 et
1097 1221 1278 1262 Huetius
1307 1221 1372 1261 usi
1403 1232 1518 1261 sunt:
1561 1236 1667 1276 quo-

245 1319 339 1343 rum
370 1303 476 1342 alter
505 1299 578 1340 lib.
613 1299 640 1338 Ι.
674 1299 725 1338 de
757 1297 910 1339 Trinit.
945 1314 1035 1353 cap.
1059 1298 1094 1339 4.
1128 1298 1250 1338 citata
1280 1300 1330 1338 ab
1356 1297 1583 1338 Athanasio
1615 1297 1667 1337 ad

247 1377 442 1431 Origenis
473 1375 764 1416 defensionem
802 1374 1066 1424 testimonia,
1109 1375 1248 1415 valere
1288 1375 1361 1415 illa
1392 1374 1566 1430 quidem
1596 1374 1670 1414 ad—

246 1472 388 1497 versus
432 1453 612 1495 Arianos
650 1454 826 1501 fatetur,
871 1452 944 1491 sed
993 1452 1043 1491 ad
1085 1450 1338 1505 ὁμοούσιον
1372 1452 1669 1492 affirmandum

245 1533 440 1575 sufficere
470 1542 614 1583 negat,
651 1546 702 1570 eo
741 1529 856 1585 quod
890 1542 1095 1570 creaturas
1136 1546 1183 1570 ex
1214 1542 1384 1571 aeterno
1418 1528 1543 1569 fuisse
1575 1544 1670 1569 cum

246 1612 344 1653 Deo
378 1609 586 1649 censuerit
618 1608 848 1660 Origenes;
886 1606 1068 1647 Huetius
1108 1623 1208 1647 vero
1252 1603 1374 1664 hujus
1412 1605 1670 1663 quaestionis

247 1688 455 1730 secundae
484 1702 600 1728 num.
629 1685 788 1726 XXlV.
820 1685 976 1725 fatetur
1008 1684 1206 1740 quidem,
1241 1701 1289 1725 ex
1318 1684 1423 1725 lucis
1457 1695 1498 1724 et
1527 1684 1669 1740 splen-

250 1757 364 1808 doris
396 1764 592 1819 exemplo
621 1762 762 1819 sequi,
802 1774 849 1803 ut
882 1761 1019 1803 Filius
1051 1778 1098 1802 ex
1128 1761 1266 1803 Patris
1296 1762 1525 1803 substantia
1555 1761 1672 1815 geni-

248 1855 315 1886 tus
347 1842 426 1894 sit,
464 1842 539 1882 sed
575 1841 686 1881 hunc
717 1839 1021 1890 >stultissimum
1062 1856 1250 1880 errorem
1291 1840 1467 1892 Origeni
1497 1839 1671 1892 affingit,

249 1919 411 1962 Filium
442 1934 464 1958 a
484 1917 569 1958 Dei
597 1917 826 1958 substantia
856 1934 941 1958 non
973 1917 1108 1967 aliter,
1141 1933 1265 1972 quam
1288 1917 1419 1972 ipsam
1438 1916 1671 1966 materiam,

249 1999 301 2039 ab
352 1995 466 2037 omni
511 2007 626 2035 retro
677 2011 780 2035 aevo
829 2011 1054 2035 emanasse.
1136 1993 1267 2048 Quod
1306 1994 1364 2034 ait
1401 1993 1670 2034 doctissimus

248 2074 417 2132 praesul
446 2072 690 2120 materiam,
737 2089 784 2112 ex
817 2072 1012 2125 Origenis
1050 2071 1278 2121 sententia,
1326 2070 1383 2111 ita
1413 2087 1435 2111 a
1465 2072 1584 2121 Deo,
1624 2083 1671 2112 ut

249 2154 393 2194 lumen
443 2167 465 2191 a
513 2150 605 2190 sole
649 2149 864 2204 proficisci
909 2161 951 2189 et
994 2149 1233 2204 procreari3
1273 2165 1369 2189 cum
1398 2150 1519 2188 nullo
1552 2166 1671 2201 argu-

249 2240 394 2270 mento
425 2227 553 2267 fidem
594 2226 658 2267 sui
687 2226 832 2282 judicii
863 2226 1010 2276 faciat,
1039 2226 1192 2266 minuit
1221 2226 1344 2266 nobis
1375 2227 1566 2267 laborem
1596 2227 1672 2267 hu-

249 2307 312 2366 jus
345 2303 576 2346 commenti
606 2302 842 2352 refellendi,
877 2303 992 2359 cujus
1024 2303 1192 2343 nullum
1228 2315 1357 2343 exstat
1387 2305 1499 2359 apud
1522 2304 1672 2357 Orige-

248 2401 347 2425 nem
378 2381 613 2434 vestigium.
672 2380 762 2421 Nisi
794 2379 884 2436 quis
915 2381 1025 2420 forte
1046 2381 1088 2420 in
1120 2381 1377 2421 deteriorem
1407 2394 1571 2436 partem
1601 2399 1668 2424 ra-

250 2461 352 2518 piat,
385 2460 500 2515 quod
531 2458 590 2499 ait
621 2459 826 2511 Origenes
859 2458 930 2499 lib.
964 2459 991 2500 l.
1026 2458 1078 2497 de
1100 2457 1284 2512 Princip.
1319 2474 1406 2513 cap.
1429 2459 1465 2500 1.
1495 2475 1610 2499 num.
1629 2459 1668 2502 6.

250 2536 490 2581 Interdum
532 2537 655 2578 ocnlc'
690 2539 842 2578 nostre·
876 2537 1022 2592 ipsam
1061 2542 1288 2576 naturam
1326 2535 1461 2585 lucis,
1501 2534 1553 2578 id
1587 2545 1670 2588 est,

251 2613 562 2658 substantiam
584 2614 689 2655 solis
710 2616 889 2655 intuere·
907 2626 997 2654 non
1014 2619 1228 2668 possunt:
1260 2611 1545 2668 splendorem
1565 2627 1671 2657 vero

253 2694 363 2749 ejus,
392 2691 466 2733 vel
490 2689 661 2740 radios,
680 2691 912 2744 fenestris
929 2689 1069 2745 forte
1100 2696 1146 2731 et
1173 2691 1443 2745 quibuslibet
1465 2673 1579 2733 aliis
1598 2706 1671 2735 re-

254 2769 501 2826 ceptaculc‘s
531 2766 739 2810 brevibus
770 2767 948 2822 infusos
975 2770 1220 2818 intuentes,
1252 2768 1544 2813 considerare
1567 2783 1672 2827 pos-

254 2859 406 2889 sumus
422 2845 578 2901 fomes
617 2848 709 2902 ipse
752 2859 808 2888 ac
832 2847 950 2902 fons
987 2853 1186 2901 quantus
1214 2848 1275 2888 sit
1306 2850 1514 2904 corporei
1539 2848 1671 2890 lumi-
