1759 3125
1459 83 1503 93 rur

474 85 865 125 ORIGEMANORUM
908 83 1047 122 LfflEu
1081 82 1112 121 Ι.
1454 93 1508 125 00

77 193 269 233 xandriae
301 192 496 233 claruisse
529 194 695 248 scripsit
726 193 939 236 Haer.ssl.
977 209 1064 247 cap.
1087 193 1136 241 1.‚
1172 207 1267 231 cum
1285 208 1500 248 nunquam

79 286 174 309 eum
204 269 376 323 posthac
407 270 509 310 illue
539 287 770 322 regressum
803 270 929 310 fuisse
961 280 1136 309 constet.
1199 268 1296 321 Qua
1320 281 1501 324 propter

80 348 268 386 concedo
303 346 345 386 in
376 347 538 387 Petavii
559 349 594 402 ¹)
626 347 900 396 sententiam,
938 347 1142 398 Severi2)
1184 361 1339 385 nomen
1371 346 1497 386 Decii

75 422 245 462 nomine
282 439 507 478 perperam
546 426 597 464 ab
636 424 876 479 Epiphanio
920 421 1494 477 commutatumvopinantis.

74 500 371 540 Vehementius
404 501 527 541 etiam
559 502 857 542 hallucinatum
881 513 1043 542 constat
1067 500 1348 540 Abrahamum
1373 500 1495 541 Scul-

73 578 278 630 tetum,³)
312 576 385 631 qui
416 577 643 629 Origenem
673 592 824 629 narrat,
854 591 1080 634 postquam
1110 576 1363 616 Alexandria
1395 576 1492 617 exiit

71 665 116 693 ut
145 654 320 694 aemulis
349 654 539 704 cederet,
578 671 628 694 eo
669 668 912 697 revocatum
956 671 1102 696 omnes
1131 668 1270 694 sacrae
1303 652 1493 708 Scriptu-

69 747 136 770 rae
168 730 299 772 libros
330 731 557 771 illustrasse
591 733 929 775 Commentariis,

181 809 294 849 XIV.
356 808 556 861 Confugit
588 826 684 860 ergo
719 811 962 851 Caesaream
996 809 1046 849 ad
1078 808 1386 858 Theoctistum,
1417 810 1489 849 be-

69 886 276 940 nigneque
307 886 357 925 ab
390 901 440 925 eo
473 896 513 924 et
536 884 769 926 liberaliter
800 899 1011 942 exceptus,
1046 897 1087 925 et
1117 885 1167 924 ab
1200 886 1394 926 omnibus
1425 886 1488 926 in·

67 961 184 1018 iuriis
217 973 257 1003 et
297 962 564 1002 contumeliis
594 963 836 1017 prohibitus
869 976 940 1004 est.
1009 963 1120 1004 Hine
1157 979 1268 1003 nova
1300 964 1484 1003 suffusus

65 1040 362 1081 malevolentia
403 1040 648 1081 Demetrius
691 1040 870 1098 Aegypti
912 1041 1159 1095 episcopos,
1205 1051 1250 1080 ut
1289 1039 1396 1090 dixi,
1442 1039 1484 1080 in

63 1118 267 1172 synodum
300 1117 425 1170 cogit,
464 1118 777 1174 Origenemque
807 1118 1069 1176 presbyterio
1102 1116 1327 1173 abjudicat,
1359 1129 1400 1158 et
1431 1119 1482 1157 ab

64 1195 261 1235 eeclesiae
299 1195 502 1236 societate
539 1195 739 1252 sejungit,
784 1197 980 1236 universo
1021 1196 1338 1251 propemodum
1379 1196 1481 1235 orbe

62 1273 278 1312 decretum
317 1274 580 1328 approbante
619 1284 660 1313 et
702 1273 990 1314 confirmante.
1058 1273 1266 1313 Ardentes
1309 1288 1478 1328 quoque

61 1349 102 1389 in
144 1367 240 1390 eum
280 1362 322 1390 et
367 1351 575 1391 aculeatas
617 1366 937 1406 quoquoversus
987 1349 1271 1391 disseminavit
1315 1350 1476 1390 literas:

61 1428 132 1468 sed
165 1427 346 1468 hominis
376 1427 617 1468 iracundiae
647 1428 774 1468 simul
810 1440 850 1468 et
881 1427 988 1468 vitae
1021 1428 1187 1481 eodem,
1219 1439 1265 1467 ut
1297 1426 1474 1474 videtur,

59 1521 142 1559 quo
175 1505 364 1545 discessit
393 1505 596 1557 Origenes
636 1521 768 1554 anno,
807 1505 932 1544 finem
973 1516 1134 1544 matura
1175 1520 1288 1543 mors
1318 1502 1474 1558 posuit,

60 1581 101 1621 in
134 1580 305 1637 ejusque
338 1582 628 1637 episcopatum
658 1580 856 1621 Ilei-aclas
887 1581 1090 1620 suffectus
1132 1590 1203 1620 est.
1271 1579 1387 1618 Haec
1421 1594 1472 1618 eo

61 1659 208 1698 ordine
239 1670 377 1698 narrat
406 1658 613 1699 Eusebius
642 1659 684 1698 in
712 1657 911 1706 Historia,
944 1674 1028 1712 quo
1060 1673 1080 1697 a
1112 1655 1235 1696 nobis
1266 1655 1473 1710 descripta

58 1747 175 1786 sunt;
205 1735 328 1775 aliter
355 1735 399 1774 in
431 1736 668 1785 Chronico,
698 1735 740 1775 in
771 1751 855 1790 quo
892 1734 1102 1774 Demetrii
1134 1750 1247 1774 mors
1279 1732 1472 1785 Origenis

57 1813 212 1852 exitum
256 1824 349 1853 toto
389 1812 561 1853 biennio
611 1811 858 1869 praevertit,
910 1813 1025 1867 quod
1071 1811 1314 1866 neutiquam
1360 1822 1467 1850 stare

52 1901 205 1946 potest.

162 1968 254 2008 XV.
317 1968 459 2017 Certe,
497 1983 549 2007 ne
582 1966 683 2022 quid
714 1966 996 2016 dissimulem,
1029 1963 1270 2006 Gennadius
1301 1963 1342 2003 in
1373 1962 1465 2003 libr.

170 2160 210 2219 ¹)
244 2163 332 2205 Cfr.
360 2164 503 2204 PetaV.
535 2164 809 2205 animadvers.
840 2164 892 2204 ad
922 2162 1032 2202 hunc
1063 2161 1218 2202 locun]

169 2235 214 2286 ²)
244 2234 402 2274 Verum
432 2246 570 2274 tamen
602 2234 862 2289 Epiphanius
905 2233 974 2275 lib.
1017 2234 1069 2272 de
1101 2233 1230 2288 pond.
1264 2244 1304 2271 et
1335 2247 1462 2270 mens.

53 2305 142 2344 pag.
176 2255 267 2333 1174.
314 2290 539 2342 Origenem
581 2292 631 2330 ab
671 2289 938 2345 imperatoris
975 2289 1099 2329 Decii
1149 2300 1364 2343 tempore,
1412 2288 1464 2326 ad

54 2347 225 2386 Gallum
261 2363 392 2402 usque
432 2359 473 2387 et
512 2347 812 2395 Volusianum,
857 2358 897 2387 et
937 2346 1044 2387 ulna
1083 2345 1273 2385 floruisse
1304 2343 1461 2384 scribit.

54 2403 137 2442 Ubi
168 2403 322 2458 duplex
353 2419 490 2452 error,
544 2421 636 2443 cum
677 2403 834 2443 Decius
871 2419 951 2458 pro
993 2404 1152 2444 Seveio
1192 2400 1385 2464 ponitur,
1423 2413 1465 2439 et

54 2458 246 2511 Onicenis
275 2475 389 2500 mors
417 2460 528 2499 ultra
566 2460 793 2515 imperium
834 2459 948 2501 Galli
990 2472 1031 2500 et
1071 2457 1290 2498 Volusiani
1325 2455 1464 2521 rejici-

55 2527 131 2556 tur.
192 2515 320 2569 Quod
354 2529 598 2568 argumento
630 2528 716 2566 est,
744 2533 828 2557 non
861 2515 1120 2572 imprudenti
1150 2513 1334 2555 Decium
1365 2513 1466 2552 irre-

54 2570 182 2625 psisse
214 2588 292 2626 pro
324 2573 497 2621 Severo,
529 2574 599 2614 sed
641 2574 696 2614 ita
738 2574 964 2613 credidisse
996 2570 1303 2635 Epiphanium,
1338 2570 1464 2608 adeo-

56 2643 136 2680 que
166 2629 312 2668 rudem
345 2641 386 2669 et
415 2631 683 2683 peregiinum
724 2630 766 2670 in
805 2629 999 2683 Originis
1040 2629 1124 2669 vita
1161 2627 1308 2668 fuisse:
1349 2626 1462 2682 quod

56 2682 162 2722 insta
192 2684 384 2724 latetur
374 2702 462 2740 ipse
491 2686 685 2728 Huc-tius.
716 2687 768 2728 R.

169 2753 330 2804 ³)Cf1'-
375 2756 525 2800 Ablssah
561 2758 740 2800 Scultet.
778 2757 819 2798 in
860 2756 1035 2798 medull.
1078 2756 1260 2806 theolog.
1292 2754 1463 2794 Panum

55 2809 125 2850 lib.
159 2810 228 2849 VI.
263 2825 351 2864 cap.
385 2811 420 2854 1.
