1759 3125
225 106 309 150 420
746 113 982 155 Excunsus
1022 115 1138 156 VIII.

234 232 275 262 et
303 222 542 278 prophetiis
575 224 883 268 demonstrare:
915 227 1129 268 Christum
1161 244 1231 270 sua
1257 229 1471 270 voluntate
1489 245 1655 286 passum

234 314 321 339 esse
354 299 565 350 dicebant,
592 301 723 359 idque
755 305 959 346 humanae
989 304 1133 346 salutis
1165 321 1298 349 causa.
1343 308 1440 348 Non
1460 307 1538 348 alia
1557 324 1656 364 sup-

233 378 407 431 petebat
435 379 539 419 tanti
576 380 765 437 mysterii
805 381 1044 437 explicandi
1088 382 1211 423 ratio.
1291 383 1406 425 Haec
1453 384 1593 425 omnia
1635 401 1657 425 a

237 453 363 495 Celso
397 457 597 508 exagitata
627 457 668 498 in
702 459 763 500 his
796 459 913 499 libris
955 458 1136 500 vindicat
1162 459 1379 513 Origenes.
1427 462 1535 504 Cum
1559 462 1655 504 Cel-

231 546 297 570 sus
330 532 553 590 objecisset
591 535 802 577 Aristeum
842 536 1200 586 Proconnesium‚
1241 549 1281 579 et
1311 538 1539 580 Abaridem
1570 540 1658 597 Hy·

228 609 487 662 perboreum
518 612 623 655 mira
654 615 825 664 fecisse,
863 630 942 655 nec
980 626 1121 655 tamen
1153 631 1232 670 pro
1266 615 1342 655 diis
1373 615 1540 667 haberi;
1579 633 1656 672 op-

230 685 354 739 ponit
393 688 598 742 Origenes
642 692 714 735 lib.
747 693 824 734 111.
863 709 978 735 num.
1009 692 1077 737 30.
1119 692 1181 732 his
1220 692 1412 733 futilibus
1450 693 1657 748 prodigiis

230 762 361 804 totius
392 767 504 808 urbis
537 780 741 811 terrarum
779 787 801 811 a
841 770 1142 826 superstitione
1182 771 1234 810 ad
1275 787 1422 811 verum
1452 770 1537 811 Dei
1568 772 1657 811 cul-

228 849 318 881 tum
355 845 691 888 conversionem.
763 847 919 889 Christi
958 849 1142 909 adventu
1182 859 1267 888 tam
1305 849 1456 889 uberes
1494 849 1655 893 fructus

230 917 466 961 effloruisse
497 921 567 972 ait,
599 936 646 965 ut
677 925 906 966 conciones
938 926 1052 981 apud
1075 925 1295 981 Ethnicos,
1329 937 1372 966 et
1395 938 1581 977 senatus,
1614 939 1655 968 et

227 996 512 1050 magistratus,
549 1001 584 1042 si
623 1019 764 1044 mores
806 1014 1072 1058 spectentur,
1117 1014 1159 1043 et
1196 1003 1293 1043 Deo
1333 1004 1531 1059 placendi
1567 1017 1655 1052 stu-

228 1072 363 1127 dium,
397 1093 451 1118 ne
482 1077 656 1120 minima
686 1080 859 1136 quidem
892 1097 939 1122 ex
979 1092 1098 1137 parte
1139 1081 1325 1122 conferri
1364 1081 1528 1138 possint
1559 1098 1654 1122 cum

229 1152 417 1195 ecclesiis
450 1155 807 1207 Christianorum,
850 1166 891 1198 et
920 1170 1066 1199 senatu
1097 1158 1406 1208 ecclesiastice,
1448 1171 1496 1203 ,et
1525 1159 1655 1212 magi⁴

226 1230 423 1272 stratibus
455 1234 681 1278 ecclesiae„
731 1236 844 1277 Tum
875 1235 936 1277 sic
971 1237 1180 1277 rationem
1222 1236 1461 1297 concludit:
1512 1238 1653 1294 Efd‘z‘}

229 1307 355 1350 ταῦθ’
391 1307 530 1360 οὕτως
556 1313 688 1368 ἔχει’,
714 1315 812 1361 πῶς
852 1313 935 1356 οὐκ
975 1309 1170 1369 εὔλογον
1199 1315 1286 1370 μὲν
1317 1317 1517 1369 νομίζειν
1547 1318 1653 1372 περὶ

223 1386 304 1427 τοῦ
331 1385 478 1442 Ἰησοῦ
518 1392 716 1433 τοσαῦτα
755 1392 976 1444 συστῆσαι
1017 1391 1350 1448 δεδυνημένου,
1397 1388 1587 1448 ὅτιόὐχ
1628 1390 1652 1446 ἡ

226 1466 426 1519 τυχοῦσα
457 1465 634 1523 θειότης
664 1460 722 1522 ἦν
750 1468 800 1512 ἐν
831 1467 974 1524 aius),-
995 1466 1026 1491 ‘⁶

336 1541 438 1593 „Sic
489 1544 748 1588 Christianos
793 1548 1017 1602 loquentes
1066 1544 1231 1586 inducit
1269 1545 1415 1588 Celsus
1461 1545 1536 1588 lib.
1578 1546 1652 1588 VI.

223 1633 340 1662 num.
374 1620 441 1664 10.
476 1622 541 1666 11.
603 1622 747 1667 Crede
779 1623 925 1678 lamec,
966 1620 1021 1665 de
1059 1636 1143 1679 quo
1176 1631 1220 1666 te
1251 1621 1410 1680 doceo,
1449 1637 1543 1667 esse
1572 1623 1652 1667 Fi-

222 1694 336 1737 lium
365 1697 470 1741 Del.
534 1699 702 1750 Crede,
745 1704 789 1744 εἰ
821 1705 886 1745 vis
915 1701 1070 1744 salvus
1085 1701 1224 1756 fieri,
1266 1709 1350 1743 aut
1388 1703 1483 1745 abi.
1544 1701 1650 1743 Item

222 1771 296 1815 lib.
329 1775 424 1818 VII.
456 1794 570 1821 num.
601 1780 641 1823 2.
699 1779 778 1822 Ita
808 1780 1053 1836 oportebat
1069 1778 1213 1834 ᾖεν-εξ
1245 1777 1358 1821 haec
1387 1781 1508 1822 em'm
1541 1780 1650 1822 olim

215 1851 482 1908 praedicta.
541 1857 820 1902 Demonstrat
860 1840 1085 1911 Origenes,
1123 1856 1230 1897 nihil
1271 1857 1518 1908 Christianis
1560 1875 1653 1899 cre-

222 1930 409 1974 dendum
441 1935 630 1992 proponi
657 1919 746 1977 sine
779 1935 1021 1977 certissimis
1053 1934 1254 1976 credendi
1282 1934 1532 1987 momentis,
1570 1952 1649 1976 nec

222 2006 362 2051 levem
393 2028 567 2068 operam
597 2014 640 2054 in
671 2014 1004 2070 simplicioribus
1038 2012 1279 2054 erudiendis
1310 2013 1465 2054 insumi
1495 2014 1645 2055 solere.

223 2084 357 2140 Quod
386 2101 528 2130 autem
558 2104 721 2148 spectat
751 2093 803 2132 ad
833 2092 1092 2148 prophetas,
1134 2090 1208 2147 qui
1239 2091 1401 2132 Filium
1431 2090 1516 2139 Dei
1547 2106 1646 2130 ven—

222 2174 364 2206 turum
397 2169 710 2223 praedixerant,
752 2186 900 2210 eorum
928 2169 1124 2210 'oraculis
1166 2180 1281 2209 certo
1315 2166 1430 2207 credi
1471 2167 1647 2207 demon-

220 2252 336 2294 strat,
365 2255 457 2286 tum
489 2248 605 2303 quod
635 2247 870 2303 prophetae
912 2246 992 2286 viri
1028 2247 1153 2297 longe
1195 2243 1442 2285 sanctissimi
1473 2243 1644 2294 fuerint,

221 2336 268 2361 ac
300 2321 438 2367 omnis
470 2333 618 2366 eorum
646 2340 786 2365 sermo
818 2325 869 2364 ad
901 2339 1047 2363 verum
1077 2320 1162 2362 Dei
1193 2321 1376 2371 cultum,
1415 2321 1470 2362 ad
1502 2337 1645 2362 veram

218 2397 422 2453 pietatem
451 2403 674 2459 pertineat,
704 2415 793 2447 tum
825 2401 1005 2442 maxime
1036 2400 1151 2455 quod
1185 2398 1645 2454 eorumtpraedicatio-

219 2493 292 2518 nes
325 2492 474 2521 eventu
514 2482 785 2527 confirmatae
819 2479 989 2520 fuerint.
1060 2477 1171 2518 Hinc
1211 2476 1491 2518 firmissimam
1525 2476 1644 2532 Chri-

220 2557 453 2600 stianoru'm
482 2560 610 2601 fidem
642 2558 786 2600 multis
826 2557 930 2597 locis
963 2557 1246 2605 demonstrat,
1277 2555 1404 2595 'velut
1436 2571 1529 2595 cum
1549 2553 1639 2594 ait:

224 2636 318 2680 Οὐκ
348 2635 407 2680 ἂν
437 2640 766 2693 μεταπείσηταί
793 2652 856 2683 τις
885 2632 1018 2692 ἡμᾶς,
1050 2631 1117 2676 ὅτι.
1149 2632 1231 2688 οὐχ
1263 2630 1358 2680 υἱὸς
1390 2630 1411 2674 ὁ
1444 2634 1643 2706 τυροῦτσς

222 2717 300 2758 τοῦ
333 2714 586 2772 ἀγεννήτυυ
616 2717 728 2760 θεοῦ
761 2715 849 2756 ἐστι
885 2715 961 2755 καὶ
990 2709 1177 2767 πατρός.
1234 2710 1290 2750 Et
1318 2726 1432 2751 num.
1456 2710 1521 2762 75.
1556 2714 1643 2764 ma-

221 2792 412 2845 gistratus
444 2793 498 2833 ait
529 2794 639 2849 apud
674 2791 933 2834 Christianos
965 2791 1017 2830 ad
1048 2789 1128 2830 hoc
1159 2804 1310 2829 munus
1343 2788 1641 2844 capessendum
