1759 3125
241 98 325 144 330
655 95 795 137 Perm
834 95 1047 138 Daunius
1077 95 1241 137 Hormi

243 211 331 252 mit.
361 209 429 254 24.
469 208 512 249 in
550 210 676 249 Num.
714 225 827 249 num.
859 207 899 252 3.
944 206 1060 263 justis
1098 218 1140 247 et
1169 206 1314 247 electis
1344 205 1482 261 ipsum
1512 205 1657 245 adesse

243 288 504 337 Dominum,
542 285 813 326 inferioribus
852 299 952 324 vero
984 284 1154 335 angelos
1184 282 1348 324 disertis
1380 282 1516 322 verbis
1546 282 1657 322 assir-

245 378 344 408 mat.
393 364 463 406 Sic
495 363 583 418 ipse
614 374 753 403 tamen
774 360 933 402 llomil.
956 360 1024 403 11.
1056 360 1097 399 in
1118 361 1243 401 Num.
1273 375 1387 399 num.
1405 359 1445 401 4.
1489 358 1659 409 Quam-

247 447 312 485 vis
351 448 397 482 et
435 441 525 496 ipsi
558 439 767 495 Apostoll
803 436 983 490 angelis
1030 442 1232 477 utantur
1268 434 1558 491 adjutoribus
1598 431 1664 475 ad

248 516 525 575 explendum
549 515 915 573 praedicationne
944 526 1054 555 suae
1083 525 1263 563 munus,
1293 519 1340 553 et
1369 525 1477 568 opus
1506 511 1660 553 Evan-

245 596 364 652 gelii
401 592 818 637 consummandum.
885 589 959 633 Sic
997 591 1117 632 enim
1163 587 1405 632 dicebatur
1449 591 1497 630 in
1534 589 1662 631 Acti-

251 675 332 714 bus
351 673 389 728 ¹)
419 671 751 728 Apostolorum,
782 669 889 724 quia
920 666 1113 722 angelus
1142 665 1278 708 Petri
1303 673 1430 714 esset,
1462 668 1540 721 qm·
1562 665 1664 722 pul-

250 758 380 792 saret
410 747 477 790 ad
504 751 682 790 ostium.
744 744 968 788 Similiter
1006 755 1118 799 ergo
1158 742 1439 799 z'ntelltgz‘tur
1486 755 1578 784 esse
1618 749 1665 784 et

252 829 367 869 alim
400 825 543 868 Paula·
568 823 782 879 angelus,
822 823 939 862 sicut
968 828 1036 862 est
1065 821 1219 870 Petri,
1248 826 1294 861 et
1324 819 1443 861 alius
1471 819 1668 860 alterins

253 904 472 961 Apostoll,
501 910 545 944 et
575 901 863 957 singulorum
886 911 974 955 per
1004 896 1226 941 ordinem.
1288 897 1484 953 Quorum
1514 897 1667 938 similia

252 983 378 1023 habet
405 983 536 1022 Hom.
564 978 631 1022 23.
661 978 704 1018 in
733 977 822 1019 Jos.
852 992 967 1017 num.
999 975 1036 1019 3.

364 1059 519 1101 XXIX.
577 1057 751 1097 Praeter
781 1054 997 1106 homines,
1025 1053 1331 1109 hominumque
1363 1065 1593 1096 conventus
1623 1069 1671 1094 ac

255 1137 495 1186 societates,
539 1147 628 1175 tum
662 1131 985 1182 ecclesiasticas,
1032 1143 1121 1173 tum
1153 1132 1374 1188 politicas,
1423 1132 1670 1184 angelorum

258 1230 378 1256 curae
416 1211 658 1268 permissas,
699 1209 780 1252 alia
818 1224 987 1266 quoque
1027 1208 1210 1249 inanima
1247 1209 1441 1261 regimini
1481 1209 1672 1264 ipsorum

258 1291 422 1333 subdita
454 1304 540 1329 esse
575 1287 775 1336 decrevit,
807 1286 1000 1341 variaque
1032 1287 1135 1326 haec
1160 1286 1259 1326 illos
1281 1286 1442 1327 meritis
1471 1287 1554 1327 suis
1585 1302 1674 1327 sor-

258 1369 359 1409 titos
392 1365 558 1414 officia,
588 1376 658 1415 ut,
687 1363 721 1405 si
753 1363 824 1421 qui
854 1362 999 1404 bestiis
1028 1362 1236 1418 praesint,
1265 1362 1411 1403 ferinis
1440 1362 1485 1403 id
1514 1363 1675 1404 actibus

259 1445 342 1486 sint
381 1442 620 1494 consecuti3
659 1441 730 1497 qui
770 1457 870 1481 vero
911 1451 1152 1481 sanctorum
1190 1456 1337 1496 preces
1376 1442 1474 1482 Deo
1517 1442 1676 1482 offerre

259 1522 359 1580 jussi
389 1521 484 1571 sint,
513 1536 584 1561 sua
614 1519 773 1575 pietate
801 1518 846 1558 id
876 1518 1060 1559 muneris
1089 1518 1424 1576 promeruerint:
1467 1518 1564 1558 hinc
1592 1519 1676 1558 Ra-

260 1599 400 1657 phaeli
430 1598 663 1638 medicinae
693 1596 878 1638 studium
909 1598 1037 1638 fuisse
1075 1581 1372 1648 commissum,
1410 1612 1490 1651 pro
1531 1611 1604 1635 sua
1633 1594 1677 1636 in

263 1677 455 1717 homines
487 1675 677 1726 caritate;
707 1673 929 1724 Michaffli,
962 1674 1201 1715 orationum
1232 1674 1328 1716 Deo
1361 1674 1677 1714 offerendarum

264 1743 507 1796 mandatum
538 1753 666 1794 fuisse
688 1767 861 1805 munus;
892 1752 1094 1802 Gabrieli,
1126 1752 1337 1792 bellorum
1354 1750 1680 1791 administratio-

265 1849 376 1874 nem.
434 1832 629 1883 Legenda
666 1831 838 1872 in‚eam
879 1829 1132 1871 sententiam
1169 1829 1297 1870 Hom.
1327 1829 1440 1870 XIV.
1479 1828 1522 1868 in
1552 1829 1677 1868 Num.

267 1927 382 1950 num.
414 1909 469 1958 2.,
500 1925 579 1964 qua
609 1907 785 1963 plantis,
815 1908 1089 1959 animalibus,
1119 1907 1450 1962 animaliumque
1480 1907 1680 1955 foetibus,

271 1986 535 2034 exercitibus,
565 1986 772 2042 rebusque
803 1985 893 2026 aliis
924 1985 1120 2035 terrenis,
1157 1987 1231 2026 sed
1269 1997 1310 2026 et
1347 1985 1498 2025 sanctis
1540 1984 1683 2039 operi-

268 2066 361 2114 bus,
389 2078 614 2117 rerumque
645 2062 881 2103 divinarum
909 2064 1136 2104 tradendae
1160 2063 1356 2104 scientiae
1373 2063 1542 2114 angelos
1564 2078 1684 2116 prae-

273 2157 361 2183 esse
390 2139 547 2190 asserit,
577 2140 892 2197 cavendumque
922 2140 1074 2189 sancit,
1112 2156 1164 2180 ne
1201 2139 1378 2181 terrenis
1418 2139 1551 2180 dediti
1581 2140 1683 2180 acti·

271 2222 348 2261 bus
379 2230 421 2260 et
450 2216 685 2273 corporeis,
724 2216 835 2256 inter
864 2218 1086 2272 deputatos
1116 2218 1165 2258 iis
1194 2217 1533 2259 administrandis
1562 2233 1685 2270 ange-

274 2299 339 2338 los
368 2295 642 2355 reperiamur.
700 2295 893 2345 Legenda
924 2306 965 2335 et
994 2294 1153 2336 Homil.
1184 2295 1252 2339 23.
1283 2296 1325 2336 in
1362 2297 1452 2340 JOS.
1481 2312 1596 2336 num.
1627 2295 1685 2344 3.,

276 2386 317 2415 et
359 2372 522 2415 Homil.
555 2371 619 2414 10.
669 2371 712 2412 in
760 2372 918 2414 Jerem.
965 2389 1078 2414 num.
1111 2373 1174 2425 6.‚
1227 2386 1267 2416 et
1313 2390 1404 2429 cap.
1433 2372 1473 2416 8.
1515 2373 1614 2413 libri
1646 2372 1682 2414 1.

276 2456 380 2508 περὶ
412 2451 579 2506 ἀρχῶν,
610 2465 724 2490 num.
758 2450 818 2500 1.,
858 2463 899 2492 et
940 2452 1046 2492 liber
1074 2452 1113 2495 8.
1147 2463 1280 2497 contr.
1312 2452 1421 2493 Cels.
1451 2468 1570 2491 num.
1599 2450 1685 2501 31„

278 2546 362 2586 quo
409 2527 667 2583 Epicureum
724 2527 846 2568 illum
895 2531 1114 2570 confutans
1161 2530 1486 2587 philosophum,
1543 2545 1686 2570 rerum

281 2606 493 2656 omnium,
532 2621 636 2661 quae
676 2604 718 2645 in
756 2605 818 2646 his
855 2606 1127 2649 inferioribus
1157 2620 1357 2661 geruntur
1385 2607 1504 2658 locis,
1532 2623 1689 2662 procu-

280 2685 486 2728 rationem
530 2683 574 2724 in
617 2684 840 2725 daemones
878 2686 1266 2738 transscribcntem,
1297 2685 1451 2739 angelis
1482 2685 1598 2742 quasi
1638 2701 1686 2726 ex

401 2840 438 2894 ¹)
474 2840 558 2882 Cfr.
593 2842 682 2881 Act.
712 2839 808 2890 Xll,
841 2839 904 2884 15.
