1759 3125
469 93 862 133 Omeexmxonum
891 89 1031 130 Lmen
1066 90 1092 129 Ι.
1429 91 1483 133 89

73 205 175 257 gisse
205 203 371 254 scribit,
418 214 542 257 atque
585 201 811 254 Origencm
850 201 1009 241 idcirco
1053 202 1103 240 ab
1144 201 1320 241 ecclesia
1359 202 1485 243 fuisse

74 279 305 335 dejectum3
347 295 524 334 cumque
562 295 604 319 se
643 278 781 318 irrisui
822 293 908 317 esse
948 277 1214 332 pel-doleret,
1256 277 1388 333 patria
1420 295 1486 318 ex-

73 356 252 397 cessisse.
313 357 367 396 At
397 355 583 396 Deciana
612 366 861 410 tempestate
891 370 1027 409 neque
1052 354 1330 395 Alexandriae
1361 355 1488 396 fuisse

75 432 321 485 Origenem,
366 448 502 487 neque
542 434 591 472 ab
632 431 832 472 ecclesiae
875 430 1173 470 communione
1212 443 1485 483 segregatum,

71 527 206 566 neque
238 509 490 549 Alexandria
530 509 654 550 fuisse
695 510 933 563 profectum
977 508 1042 546 vel
1078 507 1222 548 docuit
1254 509 1487 564 quisquam,

74 588 140 627 vel
172 587 284 628 credi
316 597 477 641 potest3
521 596 559 626 et
602 603 648 626 ex
679 585 873 634 Eusebii,
914 584 1128 640 ipsiusque
1170 585 1414 639 Nicephori,
1447 598 1489 626 et

74 663 253 704 aliorum
284 662 468 703 historiis
500 662 596 702 satis
625 664 849 704 refellitur.
910 661 1029 715 Quae
1054 663 1093 716 ¹)
1135 661 1306 717 quidem
1347 663 1489 702 omnia

76 740 170 781 huic
209 740 401 796 apprime
442 739 566 779 aetati
598 739 877 787 conveniunt,
926 739 968 779 in
1015 755 1139 794 quam
1182 740 1338 778 factum
1382 739 1490 779 illud

76 817 344 875 conjecimus.
403 818 508 857 Nam
553 828 593 857 et
631 829 720 857 tum
761 816 1039 857 Alexandriae
1072 817 1312 856 versabatur
1344 816 1493 868 Orige-

74 909 170 942 nes,
211 905 250 934 et
291 892 429 933 statim
471 905 567 948 post
605 893 809 945 flagitium
849 892 1020 947 reliquit
1051 892 1366 943 Alexandriam,
1400 906 1440 934 et
1469 910 1492 935 a

76 969 407 1012 Christianorum
430 970 631 1011 societate
666 969 863 1025 depulsus
897 981 970 1019 est,
999 986 1075 1010 nec
1105 971 1242 1010 multo
1274 982 1371 1025 post
1389 971 1486 1011 Hie-

75 1048 330 1104 rosolymam
377 1047 503 1096 adiit,
550 1046 622 1086 ubi
668 1046 710 1086 in
755 1047 929 1102 publico
982 1046 1316 1088 Christianorum
1367 1060 1492 1088 coetu

76 1123 344 1164 commissum
375 1125 509 1164 scelus
540 1123 731 1180 lacrymis
762 1136 1010 1179 prosecutus
1043 1136 1114 1166 est.
1188 1123 1392 1177 Quamvis
1423 1142 1493 1166 au-

75 1212 160 1241 tem
191 1202 315 1241 rebus
347 1200 591 1242 Christianis
624 1201 806 1250 faveret,
846 1201 916 1256 qui
955 1213 1054 1241 tunc
1085 1201 1267 1255 imperio
1302 1202 1494 1256 potieba-

79 1289 145 1317 tur
175 1278 355 1318 Severus
387 1278 643 1326 Alexander,
675 1293 741 1317 eas
765 1278 806 1333 Ἰ)
839 1289 978 1317 tamen
1010 1294 1087 1333 pro
1121 1277 1297 1318 libidine
1330 1279 1496 1319 divexa-

76 1355 172 1394 bant
196 1354 508 1409 provinciarum
537 1366 736 1403 rectores,
770 1355 1110 1411 Christianosque
1130 1357 1370 1409 complures
1401 1356 1494 1396 neci

78 1433 239 1474 dabant.
298 1432 347 1471 Id
380 1432 593 1472 declarant
626 1431 895 1472 ecclesiastici
930 1434 1131 1482 Annales,
1165 1444 1206 1472 et
1236 1433 1495 1489 Martyrolo-

77 1509 152 1560 gia.
216 1509 390 1550 Constat
421 1525 518 1560 ergo
551 1508 853 1548 hallucinatum
882 1510 1191 1564 Nicephorum,
1216 1524 1294 1547 nec
1326 1510 1377 1548 ad
1407 1510 1497 1550 De·-

41 1590 44 1592 ’
78 1586 237 1626 cianam
270 1586 431 1625 cladem
463 1586 543 1625 hoc
567 1584 760 1636 Origenis
790 1585 948 1625 facinus
978 1586 1070 1625 ullo
1102 1586 1233 1625 modo
1266 1586 1493 1640 pertinere.

189 1663 349 1702 Verum
387 1673 656 1716 praepostere
697 1661 855 1712 agimus
900 1659 971 1715 qui
1010 1661 1070 1701 rei
1109 1661 1230 1716 hujus
1261 1675 1496 1717 perscruta-

81 1757 175 1779 mur
203 1751 383 1794 tempus,
414 1755 532 1779 resne
563 1738 653 1794 ipsa
685 1738 813 1779 fuerit
842 1738 1084 1793 aliquando,
1116 1750 1276 1778 certum
1306 1741 1495 1780 nondum

80 1817 290 1858 habemus.
363 1815 565 1870 Quamvis
615 1814 727 1856 enim
768 1814 999 1855 clarissimo
1040 1827 1317 1856 monumento
1361 1817 1497 1858 consi-

81 1905 250 1946 gnatum
282 1893 324 1933 id
358 1905 488 1933 exstet
518 1892 559 1933 in
590 1892 707 1933 libris
737 1891 985 1947 Epiphanii,
1027 1892 1178 1944 egregii
1208 1892 1424 1947 scriptoris
1457 1906 1498 1935 et

82 1969 254 2026 antiqui,
284 1987 373 2011 rem
403 1982 543 2011 tamen
574 1986 696 2010 suum
727 1970 778 2009 ad
800 1985 969 2008 examen
988 1969 1202 2009 revocavit
1217 1969 1495 2025 Baronius‚³)

84 2059 127 2087 ut
159 2047 360 2097 diximus,
407 2047 713 2102 confictamque
759 2045 984 2103 judicavit3
1035 2058 1076 2087 et
1122 2062 1174 2086 ne
1213 2063 1359 2087 manus
1403 2065 1497 2088 cum

209 2335 246 2388 ¹)
277 2333 383 2373 Vide
414 2350 538 2389 supra
569 2334 610 2374 in
645 2350 732 2389 cap.
767 2335 817 2376 ll.
849 2351 965 2374 num.
996 2334 1126 2383 Xlll.‚
1158 2332 1230 2372 ubi
1264 2334 1368 2373 hanc
1401 2333 1503 2389 Epi-

88 2390 227 2446 phanii
260 2391 310 2430 de
344 2390 536 2442 Origenis
569 2391 812 2432 idololatria
843 2393 1028 2431 fabulam
1062 2391 1330 2431 destruimus.
1367 2391 1415 2430 R.

204 2460 244 2515 2)
276 2461 500 2516 Nunquam
542 2471 625 2500 tam
668 2462 788 2515 pauci
830 2462 947 2501 fuere
991 2473 1216 2517 maltyxes‚
1258 2477 1381 2524 quam
1416 2477 1500 2524 qun

89 2528 280 2571 tempore
321 2517 568 2557 Alexandria
606 2517 778 2557 recessit
815 2518 1030 2569 Origenes.
1097 2519 1188 2557 Jam
1228 2533 1338 2556 enim
1380 2533 1400 2556 a
1446 2534 1504 2555 κι-

91 2573 193 2624 ginti
232 2573 318 2612 fele
368 2574 482 2613 annis
532 2590 658 2613 nemo
702 2574 1007 2629 persecutionis
1051 2573 1274 2613 s(intillam
1326 2573 1502 2615 viderat.

93 2628 233 2668 Unum
264 2630 408 2669 saltem
441 2630 619 2670 Huctius
646 2632 837 2686 profcnre
869 2630 1077 2670 debuisset
1111 2641 1347 2686 inartjiein,
1380 2645 1504 2683 quem

98 2685 333 2724 Alexandm
383 2687 616 2740 imperante
657 2687 931 2727 Alexandniae
974 2704 1138 2741 passum
1182 2702 1267 2726 csse
1316 2698 1425 2725 cclta
1466 2696 1505 2724 ct

100 2739 331 2780 indubitata
364 2742 575 2782 traderent
606 2743 860 2784 moninenta.
894 2746 939 2784 R

221 2818 264 2871 ³)
297 2816 384 2859 Csr.
416 2819 568 2860 Barou.
601 2820 649 2858 ad
683 2836 774 2860 ann.
805 2820 901 2862 253.
932 2837 1043 2860 num.
1078 2819 1170 2862 1⁸20.
1200 2835 1283 2872 seq.
