1759 3125
268 104 349 150 106
682 107 822 149 Pmm
851 108 1064 150 DANfflus
1102 108 1268 152 Humn

270 218 453 275 aliquam
483 231 763 275 comparasset
795 219 1022 273 Origenes,
1063 221 1184 262 Thau
1225 221 1474 264 Samaritani
1507 223 1684 263 sormam

269 298 320 337 ab
351 297 546 338 Hebraeo
579 297 654 337 illo
686 298 895 353 accepisse
927 313 968 337 se
1009 314 1092 338 non
1135 297 1325 349 dixisset,
1378 317 1501 355 quam
1544 299 1684 352 cogni-

269 385 354 414 tam
403 390 448 414 ex
493 390 536 414 se
576 375 785 415 habuisset
825 387 867 415 et
906 387 1181 430 perspectam.
1263 378 1400 433 Atque
1438 377 1505 417 hic
1548 376 1685 417 obiter

272 451 502 504 Origenem
535 451 793 493 vindicemus
825 468 846 492 a
879 468 1049 492 censura
1067 453 1283 504 Scaligeri,
1317 453 1388 509 qui
1422 454 1463 494 in
1494 454 1604 495 notis
1634 453 1685 493 ad

270 528 501 569 Eusebium
533 530 764 584 praefracte
798 540 918 581 negat
961 528 1078 568 Thau
1112 529 1407 570 Samariticum
1440 531 1518 571 alia
1550 532 1686 571 forma

272 605 419 655 fuisse,
470 622 592 661 quam
635 623 714 661 qua
755 606 881 646 hodie
921 604 1106 660 pingitur
1144 605 1333 647 inlibris
1365 607 1688 657 Samaritarum;

272 683 398 724 etiam
430 695 572 723 contra
606 682 855 740 Hieronymi
885 682 1198 733 auctoritatem,
1233 685 1304 740 qui
1337 685 1517 726 Codices
1545 686 1685 726 Sama-

272 760 428 800 ritanos
468 771 715 805 versaverat,
791 760 964 801 Certum
1012 771 1072 799 est
1114 760 1223 801 enim
1262 778 1346 802 non
1385 761 1511 801 unico
1554 762 1686 802 modo

271 837 408 878 notari
447 837 621 877 solitum
665 838 787 878 fuisse
830 836 950 877 Thau
995 837 1313 888 samariticum,
1364 851 1488 895 atque
1530 838 1573 879 id
1612 838 1684 879 ali-

271 916 439 971 quando
471 915 520 954 ad
556 914 687 954 crucis
720 915 898 954 formam
933 931 1019 955 esse
1052 914 1282 970 depictum,
1314 928 1360 957 ut
1376 917 1504 957 fidem
1528 915 1684 956 faciunt

274 991 542 1033 vetustissimi
573 991 734 1031 nummi
766 992 1072 1033 Hebraeorum.

379 1071 454 1112 lli.
518 1071 611 1110 Non
651 1070 894 1125 Scripturae
934 1070 1299 1125 interpretationes
1342 1072 1560 1121 duntaxat,
1610 1072 1681 1111 sed

269 1149 383 1204 ipsos
416 1147 541 1187 etiam
573 1147 847 1201 interpretes,
890 1147 1200 1204 scriptoresque
1241 1151 1347 1189 adeo
1379 1147 1684 1189 ecclesiasticos

270 1242 414 1266 omnes
432 1236 622 1266 accurate
645 1224 859 1264 evolverat
878 1225 1162 1274 Adamantius,
1196 1243 1375 1281 quorum
1401 1226 1681 1280 patrocinium

269 1302 485 1344 sententiis
515 1301 599 1342 suis
631 1302 880 1356 plerumque
910 1303 1158 1343 nominatim
1201 1304 1418 1354 adsciscit,
1449 1304 1683 1345 Clementis

270 1392 383 1436 puta,
417 1378 578 1432 ignatii,
606 1378 798 1433 Josephi,
829 1378 1021 1420 Philonis
1053 1392 1093 1420 et
1123 1381 1320 1425 aliorum.
1381 1383 1529 1437 Neque
1566 1382 1608 1422 id
1641 1381 1680 1422 in

271 1458 386 1498 libris
417 1458 579 1505 solum,
620 1455 691 1511 qui
722 1472 743 1496 a
774 1456 930 1496 Rufino
964 1457 1154 1496 conversi
1184 1470 1301 1508 sunt,
1338 1459 1542 1514 reperias;
1581 1459 1682 1499 haec

269 1535 427 1591 quippe
469 1533 531 1573 vir
568 1532 689 1589 hujus
727 1533 870 1573 aetatis
912 1532 1098 1574 eruditus
1144 1536 1194 1575 ab
1232 1535 1462 1591 interprete
1504 1538 1681 1577 conficta

270 1611 552 1661 existimabam
583 1611 655 1650 sed
686 1610 728 1650 in
761 1610 932 1651 Graecis
973 1611 1096 1652 etiam
1129 1613 1298 1664 Tomis,
1339 1615 1405 1653 vel
1444 1613 1683 1669 scriptioni-

267 1672 347 1731 bus,
379 1692 430 1729 ab
461 1688 725 1742 Hieronymo
768 1688 975 1729 latinitate
1015 1689 1202 1740 donatis,
1243 1691 1468 1746 praecipue
1506 1708 1605 1731 vero
1638 1691 1679 1731 in

266 1768 382 1809 libris
415 1778 558 1806 contra
592 1765 775 1807 Celsum.
836 1765 950 1805 Inter
980 1766 1282 1809 ecclesiasticos
1310 1768 1550 1824 scriptores,
1579 1785 1681 1824 apo·
1711 1811 1715 1815 ,

267 1845 523 1904 cry-phorum
552 1853 747 1884 auctores
777 1843 986 1883 librorum
1015 1844 1179 1894 refero,
1219 1861 1399 1900 quorum
1429 1846 1682 1888 testimoniis

267 2060 468 2111 Threnis;
515 2061 626 2114 apud
667 2060 932 2100 Ezechielem
966 2061 1110 2110 etiam,
1140 2060 1364 2101 Danielem
1407 2073 1449 2102 et
1479 2063 1677 2107 Hoseam.

268 2119 363 2175 Syri
393 2133 521 2172 porro
555 2117 758 2156 lectiones
790 2118 1025 2156 afferuntur
1054 2118 1105 2157 ab
1135 2117 1321 2157 Eusebio
1356 2118 1623 2169 Caesariensi,
1655 2138 1677 2162 a

265 2176 466 2218 Diodoro
498 2173 693 2213 Tarsensi
723 2173 994 2228 frequentius,
1025 2174 1076 2212 ab
1107 2173 1290 2214 Eusebio
1322 2175 1546 2225 Emiseno,
1577 2177 1678 2218 Hie-

263 2247 468 2289 ronymo,
509 2230 808 2276 Theodorem,
847 2241 886 2270 et
930 2229 1034 2270 aliis.
1095 2229 1310 2286 Quodque
1339 2233 1572 2273 notandum
1602 2246 1676 2284 est,

262 2291 407 2337 iidem,
438 2286 698 2340 maximeque
728 2286 948 2326 Diodorus
988 2287 1139 2342 Syrum
1181 2304 1274 2327 cum
1314 2288 1509 2329 Hebraeo
1549 2306 1674 2345 saepe

265 2344 523 2400 conjungunt
564 2344 645 2383 hoc
683 2354 831 2397 pacto:
874 2341 895 2386 ὁ
935 2341 1083 2398 Σύρος
1122 2346 1198 2385 καὶ
1238 2347 1281 2387 οἱ
1317 2343 1540 2402 Ἑβραῖοι,
1582 2348 1671 2389 vel:

265 2402 287 2447 ὀ
316 2401 523 2456 “Εβραῖος
553 2402 628 2441 καὶ
662 2398 683 2441 ὁ
714 2397 873 2454 Σύρος,
907 2400 1074 2453 quando
1105 2400 1267 2441 scilicet
1295 2403 1516 2442 amborum
1545 2402 1674 2443 inter-

258 2459 516 2515 pretationes
547 2456 814 2504 conveniunt,
846 2456 961 2511 quod
992 2472 1114 2510 saepe
1146 2458 1361 2509 contingit.
1421 2459 1509 2498 Hae
1540 2475 1671 2513 porro

260 2515 477 2562 lectiones,
507 2512 683 2568 perinde
722 2524 846 2567 atque
887 2512 1155 2562 Samaritani,
1194 2515 1244 2553 ab
1285 2514 1467 2566 Origene
1499 2515 1674 2568 diligen-

258 2571 419 2613 tissimo
451 2569 690 2610 versionum
723 2570 953 2609 collectore
984 2580 1214 2624 potuerunt
1252 2571 1376 2611 etiam
1407 2571 1450 2611 in
1479 2572 1674 2624 margini-

258 2631 337 2670 bus
367 2627 655 2681 Hexaplorum
688 2626 910 2666 collocari:
945 2641 1196 2680 quamquam
1225 2626 1268 2667 id
1299 2627 1471 2667 minime
1495 2640 1669 2671 constet.

260 2687 374 2726 Haec
406 2683 563 2738 quippe
602 2682 740 2722 solum
781 2682 1006 2722 divinando
1040 2681 1237 2723 dicimus:
1279 2685 1414 2724 donec
1455 2685 1565 2724 enim
1595 2685 1670 2725 ali-

261 2758 342 2797 qua
372 2741 439 2781 vel
469 2738 632 2779 tantilla
664 2755 757 2794 pars
794 2739 1105 2794 Hexaplorum,
1147 2750 1194 2779 ut
1232 2739 1352 2780 initio
1393 2740 1550 2796 scripta
1579 2742 1670 2782 fue-

260 2810 369 2847 runt,
401 2813 423 2837 e
454 2794 637 2837 tenebris
668 2795 903 2844 emerserit,
940 2795 1108 2851 plenam
1139 2797 1456 2854 perfectamque
1494 2798 1669 2839 illorum

259 2854 454 2896 notitiam
484 2851 686 2908 expiscari
720 2869 803 2893 non
837 2852 1106 2893 valebimus.“
1139 2853 1187 2894 R.
