<?xml version="1.0" encoding="UTF-8"?>
<!DOCTYPE html PUBLIC "-//W3C//DTD XHTML 1.0 Transitional//EN"
    "http://www.w3.org/TR/xhtml1/DTD/xhtml1-transitional.dtd">
<html xmlns="http://www.w3.org/1999/xhtml" xml:lang="en" lang="en">
 <head>
  <title>
</title>
<meta http-equiv="Content-Type" content="text/html;charset=utf-8" />
  <meta name='ocr-system' content='tesseract 3.04.00' />
  <meta name='ocr-capabilities' content='ocr_page ocr_carea ocr_par ocr_line ocrx_word'/>
</head>
<body>
  <div class='ocr_page' id='page_1' title='image "./operaomniaquaegr22orig/operaomniaquaegr22orig_0027.png"; bbox 0 0 1759 3125; ppageno 0'>
   <div class='ocr_carea' id='block_1_1' title="bbox 486 104 1508 148">
    <p class='ocr_par' dir='ltr' id='par_1_1' title="bbox 486 104 1508 148">
     <span class='ocr_line' id='line_1_1' title="bbox 486 104 1508 148; baseline 0 0"><span class='ocrx_word' id='word_1_1' title='bbox 486 107 871 148; x_wconf 62' lang='lat' dir='ltr'><strong>Omonmmonum</strong></span> <span class='ocrx_word' id='word_1_2' title='bbox 904 106 1046 145; x_wconf 66' lang='lat' dir='ltr'><strong>Lmen</strong></span> <span class='ocrx_word' id='word_1_3' title='bbox 1076 105 1109 146; x_wconf 91' lang='grc' dir='ltr'><strong>Ῐ.</strong></span> <span class='ocrx_word' id='word_1_4' title='bbox 1456 104 1508 148; x_wconf 82' lang='grc'><strong>15</strong></span> 
     </span>
    </p>
   </div>
   <div class='ocr_carea' id='block_1_2' title="bbox 90 214 1531 2588">
    <p class='ocr_par' dir='ltr' id='par_1_2' title="bbox 90 214 1522 1588">
     <span class='ocr_line' id='line_1_2' title="bbox 92 214 1509 281; baseline -0.008 -17"><span class='ocrx_word' id='word_1_5' title='bbox 92 223 161 281; x_wconf 88' lang='lat' dir='ltr'><strong>qui</strong></span> <span class='ocrx_word' id='word_1_6' title='bbox 191 219 417 278; x_wconf 71' lang='lat' dir='ltr'><strong>Porphyrii</strong></span> <span class='ocrx_word' id='word_1_7' title='bbox 449 231 490 260; x_wconf 83' lang='lat' dir='ltr'><strong>et</strong></span> <span class='ocrx_word' id='word_1_8' title='bbox 520 218 854 259; x_wconf 73' lang='lat' dir='ltr'><strong>Ameliissomae</strong></span> <span class='ocrx_word' id='word_1_9' title='bbox 886 214 1200 271; x_wconf 84' lang='lat' dir='ltr'><strong>condiscipulus</strong></span> <span class='ocrx_word' id='word_1_10' title='bbox 1230 215 1371 265; x_wconf 79' lang='lat' dir='ltr'><strong>suerit,</strong></span> <span class='ocrx_word' id='word_1_11' title='bbox 1403 233 1509 271; x_wconf 82' lang='lat' dir='ltr'><strong>quo-</strong></span> 
     </span>
     <span class='ocr_line' id='line_1_3' title="bbox 92 291 1509 352; baseline -0.006 -11"><span class='ocrx_word' id='word_1_12' title='bbox 92 317 185 341; x_wconf 89' lang='lat' dir='ltr'><strong>rum</strong></span> <span class='ocrx_word' id='word_1_13' title='bbox 214 310 442 352; x_wconf 87' lang='lat' dir='ltr'><strong>utrumque</strong></span> <span class='ocrx_word' id='word_1_14' title='bbox 471 295 630 336; x_wconf 87' lang='lat' dir='ltr'><strong>Plotini</strong></span> <span class='ocrx_word' id='word_1_15' title='bbox 662 293 897 334; x_wconf 77' lang='lat' dir='ltr'>doctrinam</span> <span class='ocrx_word' id='word_1_16' title='bbox 914 294 1076 333; x_wconf 82' lang='lat' dir='ltr'><strong>Romae</strong></span> <span class='ocrx_word' id='word_1_17' title='bbox 1109 291 1376 347; x_wconf 79' lang='lat' dir='ltr'><strong>capessivisse</strong></span> <span class='ocrx_word' id='word_1_18' title='bbox 1409 309 1509 333; x_wconf 89' lang='lat' dir='ltr'><strong>con-</strong></span> 
     </span>
     <span class='ocr_line' id='line_1_4' title="bbox 91 369 1510 424; baseline -0.004 -8"><span class='ocrx_word' id='word_1_19' title='bbox 91 387 182 416; x_wconf 87' lang='lat' dir='ltr'><strong>stat.</strong></span> <span class='ocrx_word' id='word_1_20' title='bbox 243 374 293 413; x_wconf 89' lang='lat' dir='ltr'><strong>Id</strong></span> <span class='ocrx_word' id='word_1_21' title='bbox 333 373 368 413; x_wconf 87' lang='lat' dir='ltr'><strong>si</strong></span> <span class='ocrx_word' id='word_1_22' title='bbox 409 372 483 422; x_wconf 87' lang='lat' dir='ltr'><strong>sit,</strong></span> <span class='ocrx_word' id='word_1_23' title='bbox 526 372 730 424; x_wconf 87' lang='lat' dir='ltr'><strong>Origenes</strong></span> <span class='ocrx_word' id='word_1_24' title='bbox 770 371 876 411; x_wconf 88' lang='lat' dir='ltr'><strong>duos</strong></span> <span class='ocrx_word' id='word_1_25' title='bbox 918 370 1071 410; x_wconf 87' lang='lat' dir='ltr'><strong>iisdem</strong></span> <span class='ocrx_word' id='word_1_26' title='bbox 1111 369 1375 424; x_wconf 76' lang='lat' dir='ltr'><strong>temporibus</strong></span> <span class='ocrx_word' id='word_1_27' title='bbox 1415 386 1510 410; x_wconf 88' lang='lat' dir='ltr'><strong>cum</strong></span> 
     </span>
     <span class='ocr_line' id='line_1_5' title="bbox 90 446 1513 506; baseline -0.004 -13"><span class='ocrx_word' id='word_1_28' title='bbox 90 450 264 493; x_wconf 86' lang='lat' dir='ltr'><strong>Plotino</strong></span> <span class='ocrx_word' id='word_1_29' title='bbox 295 451 459 491; x_wconf 85' lang='lat' dir='ltr'><strong>Romae</strong></span> <span class='ocrx_word' id='word_1_30' title='bbox 492 447 831 506; x_wconf 71' lang='lat' dir='ltr'><strong>conjunctissime</strong></span> <span class='ocrx_word' id='word_1_31' title='bbox 863 446 1009 487; x_wconf 85' lang='lat' dir='ltr'><strong>vixisse</strong></span> <span class='ocrx_word' id='word_1_32' title='bbox 1044 446 1272 486; x_wconf 90' lang='lat' dir='ltr'><strong>dicendum</strong></span> <span class='ocrx_word' id='word_1_33' title='bbox 1305 458 1378 496; x_wconf 86' lang='lat' dir='ltr'><strong>est,</strong></span> <span class='ocrx_word' id='word_1_34' title='bbox 1409 447 1513 487; x_wconf 85' lang='lat' dir='ltr'><strong>alte-</strong></span> 
     </span>
     <span class='ocr_line' id='line_1_6' title="bbox 92 522 1513 584; baseline -0.002 -16"><span class='ocrx_word' id='word_1_35' title='bbox 92 546 187 569; x_wconf 88' lang='lat' dir='ltr'><strong>rum</strong></span> <span class='ocrx_word' id='word_1_36' title='bbox 217 527 305 584; x_wconf 81' lang='lat' dir='ltr'><strong>ejus</strong></span> <span class='ocrx_word' id='word_1_37' title='bbox 346 526 704 582; x_wconf 87' lang='lat' dir='ltr'><strong>condiscipulum,</strong></span> <span class='ocrx_word' id='word_1_38' title='bbox 746 525 1001 581; x_wconf 87' lang='lat' dir='ltr'><strong>discipulum</strong></span> <span class='ocrx_word' id='word_1_39' title='bbox 1039 524 1230 564; x_wconf 83' lang='lat' dir='ltr'><strong>alterurn.</strong></span> <span class='ocrx_word' id='word_1_40' title='bbox 1304 522 1513 576; x_wconf 84' lang='lat' dir='ltr'><strong>Quartum</strong></span> 
     </span>
     <span class='ocr_line' id='line_1_7' title="bbox 93 600 1513 659; baseline -0.004 -13"><span class='ocrx_word' id='word_1_41' title='bbox 93 608 147 646; x_wconf 87' lang='lat' dir='ltr'><strong>ad</strong></span> <span class='ocrx_word' id='word_1_42' title='bbox 187 605 288 645; x_wconf 88' lang='lat' dir='ltr'><strong>haec</strong></span> <span class='ocrx_word' id='word_1_43' title='bbox 334 603 584 656; x_wconf 87' lang='lat' dir='ltr'><strong>Origenem,</strong></span> <span class='ocrx_word' id='word_1_44' title='bbox 628 602 883 659; x_wconf 73' lang='lat' dir='ltr'><strong>Aegyptium</strong></span> <span class='ocrx_word' id='word_1_45' title='bbox 922 612 961 642; x_wconf 85' lang='lat' dir='ltr'><strong>et</strong></span> <span class='ocrx_word' id='word_1_46' title='bbox 999 600 1162 656; x_wconf 88' lang='lat' dir='ltr'><strong>ipsum,</strong></span> <span class='ocrx_word' id='word_1_47' title='bbox 1202 611 1327 655; x_wconf 87' lang='lat' dir='ltr'><strong>atque</strong></span> <span class='ocrx_word' id='word_1_48' title='bbox 1366 600 1513 641; x_wconf 82' lang='lat' dir='ltr'><strong>itidem</strong></span> 
     </span>
     <span class='ocr_line' id='line_1_8' title="bbox 93 678 1516 740; baseline -0.004 -17"><span class='ocrx_word' id='word_1_49' title='bbox 93 684 408 740; x_wconf 79' lang='lat' dir='ltr'><strong>presbyterum,</strong></span> <span class='ocrx_word' id='word_1_50' title='bbox 449 692 490 721; x_wconf 88' lang='lat' dir='ltr'><strong>et</strong></span> <span class='ocrx_word' id='word_1_51' title='bbox 527 679 744 720; x_wconf 80' lang='lat' dir='ltr'><strong>Ammonii</strong></span> <span class='ocrx_word' id='word_1_52' title='bbox 783 678 953 720; x_wconf 82' lang='lat' dir='ltr'><strong>alterius</strong></span> <span class='ocrx_word' id='word_1_53' title='bbox 983 678 1196 727; x_wconf 86' lang='lat' dir='ltr'><strong>sodalem,</strong></span> <span class='ocrx_word' id='word_1_54' title='bbox 1228 693 1372 717; x_wconf 78' lang='lat' dir='ltr'><strong>verum</strong></span> <span class='ocrx_word' id='word_1_55' title='bbox 1408 678 1516 718; x_wconf 77' lang='lat' dir='ltr'><strong>Ada—</strong></span> 
     </span>
     <span class='ocr_line' id='line_1_9' title="bbox 94 754 1512 810; baseline -0.004 -10"><span class='ocrx_word' id='word_1_56' title='bbox 94 759 253 800; x_wconf 89' lang='lat' dir='ltr'><strong>mantio</strong></span> <span class='ocrx_word' id='word_1_57' title='bbox 296 757 478 810; x_wconf 77' lang='lat' dir='ltr'><strong>Origene</strong></span> <span class='ocrx_word' id='word_1_58' title='bbox 524 758 830 806; x_wconf 81' lang='lat' dir='ltr'><strong>recentiorem,</strong></span> <span class='ocrx_word' id='word_1_59' title='bbox 879 766 920 796; x_wconf 90' lang='lat' dir='ltr'><strong>et</strong></span> <span class='ocrx_word' id='word_1_60' title='bbox 958 755 1186 795; x_wconf 75' lang='lat' dir='ltr'><strong>Athanasio</strong></span> <span class='ocrx_word' id='word_1_61' title='bbox 1228 754 1512 795; x_wconf 86' lang='lat' dir='ltr'><strong>Alexandrino</strong></span> 
     </span>
     <span class='ocr_line' id='line_1_10' title="bbox 95 832 1514 893; baseline -0.004 -16"><span class='ocrx_word' id='word_1_62' title='bbox 95 837 299 893; x_wconf 88' lang='lat' dir='ltr'><strong>episcopo</strong></span> <span class='ocrx_word' id='word_1_63' title='bbox 333 851 558 884; x_wconf 86' lang='lat' dir='ltr'><strong>coaevum,</strong></span> <span class='ocrx_word' id='word_1_64' title='bbox 588 850 610 875; x_wconf 79' lang='lat' dir='ltr'><strong>a</strong></span> <span class='ocrx_word' id='word_1_65' title='bbox 638 834 832 875; x_wconf 82' lang='lat' dir='ltr'><strong>Palladio</strong></span> <span class='ocrx_word' id='word_1_66' title='bbox 863 833 905 874; x_wconf 92' lang='lat' dir='ltr'><strong>in</strong></span> <span class='ocrx_word' id='word_1_67' title='bbox 937 832 1166 882; x_wconf 75' lang='lat' dir='ltr'><strong>Lausiacis,</strong></span> <span class='ocrx_word' id='word_1_68' title='bbox 1197 843 1238 872; x_wconf 88' lang='lat' dir='ltr'><strong>et</strong></span> <span class='ocrx_word' id='word_1_69' title='bbox 1268 832 1514 888; x_wconf 64' lang='lat' dir='ltr'><strong>Nicephoro</strong></span> 
     </span>
     <span class='ocr_line' id='line_1_11' title="bbox 99 908 1515 966; baseline -0.003 -11"><span class='ocrx_word' id='word_1_70' title='bbox 99 913 264 955; x_wconf 72' lang='lat' dir='ltr'><strong>Callisti</strong></span> <span class='ocrx_word' id='word_1_71' title='bbox 303 923 683 954; x_wconf 82' lang='lat' dir='ltr'><strong>commemoratum</strong></span> <span class='ocrx_word' id='word_1_72' title='bbox 721 911 895 951; x_wconf 81' lang='lat' dir='ltr'>addam:</span> <span class='ocrx_word' id='word_1_73' title='bbox 943 910 1130 966; x_wconf 89' lang='lat' dir='ltr'><strong>reliquos</strong></span> <span class='ocrx_word' id='word_1_74' title='bbox 1172 908 1293 966; x_wconf 82' lang='lat' dir='ltr'><strong>hujus</strong></span> <span class='ocrx_word' id='word_1_75' title='bbox 1331 910 1515 951; x_wconf 90' lang='lat' dir='ltr'><strong>nominis</strong></span> 
     </span>
     <span class='ocr_line' id='line_1_12' title="bbox 98 986 1516 1043; baseline -0.003 -12"><span class='ocrx_word' id='word_1_76' title='bbox 98 991 361 1032; x_wconf 78' lang='lat' dir='ltr'><strong>literatorum</strong></span> <span class='ocrx_word' id='word_1_77' title='bbox 392 989 632 1042; x_wconf 76' lang='lat' dir='ltr'>diligentiae</span> <span class='ocrx_word' id='word_1_78' title='bbox 670 988 981 1040; x_wconf 82' lang='lat' dir='ltr'><strong>investigandos</strong></span> <span class='ocrx_word' id='word_1_79' title='bbox 1020 988 1268 1043; x_wconf 74' lang='lat' dir='ltr'>relinquam.</span> <span class='ocrx_word' id='word_1_80' title='bbox 1341 986 1516 1028; x_wconf 87' lang='lat' dir='ltr'><strong>Cautio-</strong></span> 
     </span>
     <span class='ocr_line' id='line_1_13' title="bbox 96 1064 1517 1123; baseline -0.002 -15"><span class='ocrx_word' id='word_1_81' title='bbox 96 1084 195 1109; x_wconf 90' lang='lat' dir='ltr'><strong>nem</strong></span> <span class='ocrx_word' id='word_1_82' title='bbox 226 1078 445 1123; x_wconf 86' lang='lat' dir='ltr'><strong>praeterea</strong></span> <span class='ocrx_word' id='word_1_83' title='bbox 473 1082 496 1107; x_wconf 88' lang='lat' dir='ltr'><strong>a</strong></span> <span class='ocrx_word' id='word_1_84' title='bbox 525 1065 725 1107; x_wconf 79' lang='lat' dir='ltr'><strong>studiosis</strong></span> <span class='ocrx_word' id='word_1_85' title='bbox 755 1064 946 1105; x_wconf 86' lang='lat' dir='ltr'><strong>adhiberi</strong></span> <span class='ocrx_word' id='word_1_86' title='bbox 977 1065 1126 1114; x_wconf 86' lang='lat' dir='ltr'><strong>velim,</strong></span> <span class='ocrx_word' id='word_1_87' title='bbox 1165 1081 1217 1105; x_wconf 90' lang='lat' dir='ltr'><strong>ne</strong></span> <span class='ocrx_word' id='word_1_88' title='bbox 1248 1064 1517 1121; x_wconf 88' lang='lat' dir='ltr'><strong>quotiescun-</strong></span> 
     </span>
     <span class='ocr_line' id='line_1_14' title="bbox 98 1140 1518 1201; baseline -0.002 -16"><span class='ocrx_word' id='word_1_89' title='bbox 98 1161 181 1201; x_wconf 90' lang='lat' dir='ltr'><strong>que</strong></span> <span class='ocrx_word' id='word_1_90' title='bbox 212 1143 453 1185; x_wconf 80' lang='lat' dir='ltr'><strong>Adamantii</strong></span> <span class='ocrx_word' id='word_1_91' title='bbox 483 1143 643 1184; x_wconf 88' lang='lat' dir='ltr'><strong>mentio</strong></span> <span class='ocrx_word' id='word_1_92' title='bbox 685 1142 728 1182; x_wconf 89' lang='lat' dir='ltr'><strong>in</strong></span> <span class='ocrx_word' id='word_1_93' title='bbox 765 1141 1042 1198; x_wconf 79' lang='lat' dir='ltr'><strong>scriptoribus</strong></span> <span class='ocrx_word' id='word_1_94' title='bbox 1083 1141 1376 1183; x_wconf 89' lang='lat' dir='ltr'><strong>ecclesiasticis</strong></span> <span class='ocrx_word' id='word_1_95' title='bbox 1414 1140 1518 1182; x_wconf 90' lang='lat' dir='ltr'><strong>inci-</strong></span> 
     </span>
     <span class='ocr_line' id='line_1_15' title="bbox 99 1219 1516 1273; baseline -0.001 -11"><span class='ocrx_word' id='word_1_96' title='bbox 99 1223 184 1273; x_wconf 86' lang='lat' dir='ltr'><strong>det,</strong></span> <span class='ocrx_word' id='word_1_97' title='bbox 216 1223 396 1263; x_wconf 89' lang='lat' dir='ltr'><strong>eundem</strong></span> <span class='ocrx_word' id='word_1_98' title='bbox 426 1220 567 1262; x_wconf 85' lang='lat' dir='ltr'><strong>statim</strong></span> <span class='ocrx_word' id='word_1_99' title='bbox 607 1220 718 1260; x_wconf 92' lang='lat' dir='ltr'><strong>hunc</strong></span> <span class='ocrx_word' id='word_1_100' title='bbox 759 1219 1015 1259; x_wconf 86' lang='lat' dir='ltr'><strong>arbitrentur</strong></span> <span class='ocrx_word' id='word_1_101' title='bbox 1054 1236 1142 1260; x_wconf 89' lang='lat' dir='ltr'><strong>esse</strong></span> <span class='ocrx_word' id='word_1_102' title='bbox 1185 1236 1232 1260; x_wconf 91' lang='lat' dir='ltr'><strong>ae</strong></span> <span class='ocrx_word' id='word_1_103' title='bbox 1265 1219 1516 1271; x_wconf 86' lang='lat' dir='ltr'><strong>Origenem:</strong></span> 
     </span>
     <span class='ocr_line' id='line_1_16' title="bbox 99 1296 1518 1354; baseline -0.002 -14"><span class='ocrx_word' id='word_1_104' title='bbox 99 1299 144 1340; x_wconf 87' lang='lat' dir='ltr'><strong>id</strong></span> <span class='ocrx_word' id='word_1_105' title='bbox 175 1298 287 1340; x_wconf 89' lang='lat' dir='ltr'><strong>enim</strong></span> <span class='ocrx_word' id='word_1_106' title='bbox 316 1297 513 1348; x_wconf 87' lang='lat' dir='ltr'><strong>nominis,</strong></span> <span class='ocrx_word' id='word_1_107' title='bbox 543 1309 712 1354; x_wconf 86' lang='lat' dir='ltr'><strong>praeter</strong></span> <span class='ocrx_word' id='word_1_108' title='bbox 740 1296 860 1347; x_wconf 87' lang='lat' dir='ltr'><strong>alios,</strong></span> <span class='ocrx_word' id='word_1_109' title='bbox 891 1297 1054 1337; x_wconf 89' lang='lat' dir='ltr'><strong>auctori</strong></span> <span class='ocrx_word' id='word_1_110' title='bbox 1085 1298 1250 1338; x_wconf 86' lang='lat' dir='ltr'><strong>cuidam</strong></span> <span class='ocrx_word' id='word_1_111' title='bbox 1283 1297 1518 1338; x_wconf 88' lang='lat' dir='ltr'><strong>Christiano</strong></span> 
     </span>
     <span class='ocr_line' id='line_1_17' title="bbox 101 1374 1520 1432; baseline -0.001 -16"><span class='ocrx_word' id='word_1_112' title='bbox 101 1375 204 1426; x_wconf 85' lang='lat' dir='ltr'><strong>fuit,</strong></span> <span class='ocrx_word' id='word_1_113' title='bbox 257 1393 383 1432; x_wconf 89' lang='lat' dir='ltr'><strong>quem</strong></span> <span class='ocrx_word' id='word_1_114' title='bbox 422 1377 474 1416; x_wconf 89' lang='lat' dir='ltr'><strong>ab</strong></span> <span class='ocrx_word' id='word_1_115' title='bbox 516 1375 700 1428; x_wconf 85' lang='lat' dir='ltr'><strong>Origene</strong></span> <span class='ocrx_word' id='word_1_116' title='bbox 748 1387 867 1416; x_wconf 88' lang='lat' dir='ltr'><strong>caute</strong></span> <span class='ocrx_word' id='word_1_117' title='bbox 907 1374 1163 1427; x_wconf 88' lang='lat' dir='ltr'><strong>distinguens</strong></span> <span class='ocrx_word' id='word_1_118' title='bbox 1207 1375 1520 1424; x_wconf 86' lang='lat' dir='ltr'><strong>Theodoretus‚</strong></span> 
     </span>
     <span class='ocr_line' id='line_1_18' title="bbox 100 1451 1522 1509; baseline -0.001 -15"><span class='ocrx_word' id='word_1_119' title='bbox 100 1453 317 1509; x_wconf 88' lang='lat' dir='ltr'><strong>utriusque</strong></span> <span class='ocrx_word' id='word_1_120' title='bbox 362 1453 529 1509; x_wconf 83' lang='lat' dir='ltr'><strong>scriptis</strong></span> <span class='ocrx_word' id='word_1_121' title='bbox 569 1453 622 1493; x_wconf 85' lang='lat' dir='ltr'><strong>ad</strong></span> <span class='ocrx_word' id='word_1_122' title='bbox 661 1453 967 1493; x_wconf 81' lang='lat' dir='ltr'><strong>contexendam</strong></span> <span class='ocrx_word' id='word_1_123' title='bbox 1005 1451 1309 1492; x_wconf 81' lang='lat' dir='ltr'><strong>haereticarum</strong></span> <span class='ocrx_word' id='word_1_124' title='bbox 1361 1452 1522 1492; x_wconf 86' lang='lat' dir='ltr'><strong>fabula-</strong></span> 
     </span>
     <span class='ocr_line' id='line_1_19' title="bbox 100 1528 1214 1588; baseline -0.003 -16"><span class='ocrx_word' id='word_1_125' title='bbox 100 1548 196 1572; x_wconf 84' lang='lat' dir='ltr'><strong>rum</strong></span> <span class='ocrx_word' id='word_1_126' title='bbox 226 1531 442 1588; x_wconf 82' lang='lat' dir='ltr'><strong>epitomen</strong></span> <span class='ocrx_word' id='word_1_127' title='bbox 473 1547 595 1570; x_wconf 87' lang='lat' dir='ltr'><strong>usum</strong></span> <span class='ocrx_word' id='word_1_128' title='bbox 626 1546 668 1570; x_wconf 89' lang='lat' dir='ltr'><strong>se</strong></span> <span class='ocrx_word' id='word_1_129' title='bbox 697 1546 784 1570; x_wconf 90' lang='lat' dir='ltr'><strong>non</strong></span> <span class='ocrx_word' id='word_1_130' title='bbox 813 1530 945 1569; x_wconf 90' lang='lat' dir='ltr'><strong>semel</strong></span> <span class='ocrx_word' id='word_1_131' title='bbox 975 1528 1214 1583; x_wconf 77' lang='lat' dir='ltr'><strong>profitetur.</strong></span> 
     </span>
    </p>

    <p class='ocr_par' dir='ltr' id='par_1_3' title="bbox 105 1605 1531 2588">
     <span class='ocr_line' id='line_1_20' title="bbox 215 1605 1523 1661; baseline -0.001 -13"><span class='ocrx_word' id='word_1_132' title='bbox 215 1608 333 1649; x_wconf 83' lang='lat' dir='ltr'>VIII.</span> <span class='ocrx_word' id='word_1_133' title='bbox 391 1606 677 1661; x_wconf 78' lang='lat' dir='ltr'><strong>Decimum1)</strong></span> <span class='ocrx_word' id='word_1_134' title='bbox 716 1608 805 1646; x_wconf 85' lang='lat' dir='ltr'><strong>fere</strong></span> <span class='ocrx_word' id='word_1_135' title='bbox 847 1617 887 1647; x_wconf 90' lang='lat' dir='ltr'><strong>et</strong></span> <span class='ocrx_word' id='word_1_136' title='bbox 926 1605 1154 1660; x_wconf 88' lang='lat' dir='ltr'><strong>septimum</strong></span> <span class='ocrx_word' id='word_1_137' title='bbox 1193 1606 1336 1646; x_wconf 85' lang='lat' dir='ltr'><strong>aetatis</strong></span> <span class='ocrx_word' id='word_1_138' title='bbox 1368 1622 1523 1647; x_wconf 88' lang='lat' dir='ltr'><strong>annum</strong></span> 
     </span>
     <span class='ocr_line' id='line_1_21' title="bbox 106 1682 1522 1736; baseline -0.001 -11"><span class='ocrx_word' id='word_1_139' title='bbox 106 1695 297 1736; x_wconf 76' lang='lat' dir='ltr'><strong>exegerat</strong></span> <span class='ocrx_word' id='word_1_140' title='bbox 327 1682 553 1733; x_wconf 81' lang='lat' dir='ltr'><strong>Origenes,</strong></span> <span class='ocrx_word' id='word_1_141' title='bbox 593 1700 689 1723; x_wconf 88' lang='lat' dir='ltr'><strong>cum</strong></span> <span class='ocrx_word' id='word_1_142' title='bbox 723 1683 876 1724; x_wconf 87' lang='lat' dir='ltr'><strong>Christi</strong></span> <span class='ocrx_word' id='word_1_143' title='bbox 908 1682 1126 1722; x_wconf 81' lang='lat' dir='ltr'><strong>ecclesiam</strong></span> <span class='ocrx_word' id='word_1_144' title='bbox 1157 1682 1295 1723; x_wconf 87' lang='lat' dir='ltr'><strong>modis</strong></span> <span class='ocrx_word' id='word_1_145' title='bbox 1327 1683 1522 1724; x_wconf 85' lang='lat' dir='ltr'><strong>omnibus</strong></span> 
     </span>
     <span class='ocr_line' id='line_1_22' title="bbox 106 1759 1525 1817; baseline -0.001 -15"><span class='ocrx_word' id='word_1_146' title='bbox 106 1777 252 1802; x_wconf 82' lang='lat' dir='ltr'><strong>vexare</strong></span> <span class='ocrx_word' id='word_1_147' title='bbox 283 1775 492 1812; x_wconf 80' lang='lat' dir='ltr'><strong>aggressus</strong></span> <span class='ocrx_word' id='word_1_148' title='bbox 531 1772 591 1801; x_wconf 82' lang='lat' dir='ltr'><strong>est</strong></span> <span class='ocrx_word' id='word_1_149' title='bbox 628 1760 808 1801; x_wconf 82' lang='lat' dir='ltr'><strong>Severus</strong></span> <span class='ocrx_word' id='word_1_150' title='bbox 850 1761 1097 1816; x_wconf 76' lang='lat' dir='ltr'><strong>Imperator.</strong></span> <span class='ocrx_word' id='word_1_151' title='bbox 1165 1759 1273 1801; x_wconf 89' lang='lat' dir='ltr'><strong>Cum</strong></span> <span class='ocrx_word' id='word_1_152' title='bbox 1304 1759 1416 1801; x_wconf 87' lang='lat' dir='ltr'><strong>enim</strong></span> <span class='ocrx_word' id='word_1_153' title='bbox 1447 1778 1525 1817; x_wconf 87' lang='lat' dir='ltr'><strong>per</strong></span> 
     </span>
     <span class='ocr_line' id='line_1_23' title="bbox 107 1837 1523 1888; baseline -0.001 -9"><span class='ocrx_word' id='word_1_154' title='bbox 107 1851 244 1879; x_wconf 86' lang='lat' dir='ltr'><strong>toturn</strong></span> <span class='ocrx_word' id='word_1_155' title='bbox 290 1839 437 1878; x_wconf 87' lang='lat' dir='ltr'><strong>orbem</strong></span> <span class='ocrx_word' id='word_1_156' title='bbox 481 1854 570 1879; x_wconf 83' lang='lat' dir='ltr'><strong>sese</strong></span> <span class='ocrx_word' id='word_1_157' title='bbox 618 1837 850 1879; x_wconf 86' lang='lat' dir='ltr'><strong>Christiana</strong></span> <span class='ocrx_word' id='word_1_158' title='bbox 900 1838 1002 1877; x_wconf 83' lang='lat' dir='ltr'><strong>fides</strong></span> <span class='ocrx_word' id='word_1_159' title='bbox 1050 1838 1313 1888; x_wconf 84' lang='lat' dir='ltr'><strong>effunderet,</strong></span> <span class='ocrx_word' id='word_1_160' title='bbox 1368 1838 1523 1878; x_wconf 86' lang='lat' dir='ltr'><strong>veritus</strong></span> 
     </span>
     <span class='ocr_line' id='line_1_24' title="bbox 108 1914 1527 1971; baseline -0.001 -16"><span class='ocrx_word' id='word_1_161' title='bbox 108 1915 267 1971; x_wconf 87' lang='lat' dir='ltr'><strong>quippe</strong></span> <span class='ocrx_word' id='word_1_162' title='bbox 300 1926 361 1955; x_wconf 89' lang='lat' dir='ltr'><strong>est</strong></span> <span class='ocrx_word' id='word_1_163' title='bbox 391 1915 455 1955; x_wconf 89' lang='lat' dir='ltr'><strong>vir</strong></span> <span class='ocrx_word' id='word_1_164' title='bbox 485 1927 628 1956; x_wconf 86' lang='lat' dir='ltr'><strong>cautus</strong></span> <span class='ocrx_word' id='word_1_165' title='bbox 658 1931 705 1956; x_wconf 86' lang='lat' dir='ltr'><strong>ac</strong></span> <span class='ocrx_word' id='word_1_166' title='bbox 736 1915 925 1967; x_wconf 89' lang='lat' dir='ltr'><strong>diligens,</strong></span> <span class='ocrx_word' id='word_1_167' title='bbox 955 1930 1007 1955; x_wconf 90' lang='lat' dir='ltr'><strong>ne</strong></span> <span class='ocrx_word' id='word_1_168' title='bbox 1038 1914 1134 1954; x_wconf 84' lang='lat' dir='ltr'><strong>hinc</strong></span> <span class='ocrx_word' id='word_1_169' title='bbox 1165 1914 1305 1970; x_wconf 84' lang='lat' dir='ltr'><strong>aliqua</strong></span> <span class='ocrx_word' id='word_1_170' title='bbox 1332 1914 1527 1956; x_wconf 84' lang='lat' dir='ltr'><strong>existeret</strong></span> 
     </span>
     <span class='ocr_line' id='line_1_25' title="bbox 105 1989 1528 2047; baseline -0.001 -15"><span class='ocrx_word' id='word_1_171' title='bbox 105 2008 246 2032; x_wconf 88' lang='lat' dir='ltr'><strong>rerum</strong></span> <span class='ocrx_word' id='word_1_172' title='bbox 280 1991 513 2033; x_wconf 82' lang='lat' dir='ltr'><strong>conversio.</strong></span> <span class='ocrx_word' id='word_1_173' title='bbox 583 1992 685 2032; x_wconf 91' lang='lat' dir='ltr'><strong>Toti</strong></span> <span class='ocrx_word' id='word_1_174' title='bbox 723 1992 865 2047; x_wconf 88' lang='lat' dir='ltr'><strong>itaque</strong></span> <span class='ocrx_word' id='word_1_175' title='bbox 897 1990 1096 2032; x_wconf 83' lang='lat' dir='ltr'><strong>ecclesiae</strong></span> <span class='ocrx_word' id='word_1_176' title='bbox 1125 1990 1288 2030; x_wconf 88' lang='lat' dir='ltr'><strong>bellum</strong></span> <span class='ocrx_word' id='word_1_177' title='bbox 1318 2002 1435 2030; x_wconf 86' lang='lat' dir='ltr'><strong>atrox</strong></span> <span class='ocrx_word' id='word_1_178' title='bbox 1464 1989 1528 2030; x_wconf 91' lang='lat' dir='ltr'><strong>in—</strong></span> 
     </span>
     <span class='ocr_line' id='line_1_26' title="bbox 107 2067 1527 2126; baseline -0.002 -16"><span class='ocrx_word' id='word_1_179' title='bbox 107 2068 222 2110; x_wconf 85' lang='lat' dir='ltr'><strong>dixit.</strong></span> <span class='ocrx_word' id='word_1_180' title='bbox 282 2070 475 2126; x_wconf 81' lang='lat' dir='ltr'><strong>Aegypto</strong></span> <span class='ocrx_word' id='word_1_181' title='bbox 515 2080 615 2109; x_wconf 86' lang='lat' dir='ltr'><strong>tunc</strong></span> <span class='ocrx_word' id='word_1_182' title='bbox 655 2080 846 2124; x_wconf 78' lang='lat' dir='ltr'><strong>praeerat</strong></span> <span class='ocrx_word' id='word_1_183' title='bbox 887 2085 982 2109; x_wconf 89' lang='lat' dir='ltr'><strong>cum</strong></span> <span class='ocrx_word' id='word_1_184' title='bbox 1023 2068 1206 2124; x_wconf 86' lang='lat' dir='ltr'><strong>imperio</strong></span> <span class='ocrx_word' id='word_1_185' title='bbox 1248 2070 1423 2118; x_wconf 85' lang='lat' dir='ltr'><strong>Laetus,</strong></span> <span class='ocrx_word' id='word_1_186' title='bbox 1455 2067 1527 2124; x_wconf 88' lang='lat' dir='ltr'><strong>qui</strong></span> 
     </span>
     <span class='ocr_line' id='line_1_27' title="bbox 106 2145 1527 2202; baseline -0.001 -16"><span class='ocrx_word' id='word_1_187' title='bbox 106 2157 153 2186; x_wconf 89' lang='lat' dir='ltr'><strong>ut</strong></span> <span class='ocrx_word' id='word_1_188' title='bbox 192 2145 442 2202; x_wconf 80' lang='lat' dir='ltr'><strong>Imperatori</strong></span> <span class='ocrx_word' id='word_1_189' title='bbox 481 2146 610 2186; x_wconf 67' lang='lat' dir='ltr'><strong>fidem</strong></span> <span class='ocrx_word' id='word_1_190' title='bbox 649 2163 765 2187; x_wconf 83' lang='lat' dir='ltr'><strong>suam</strong></span> <span class='ocrx_word' id='word_1_191' title='bbox 802 2157 1032 2201; x_wconf 85' lang='lat' dir='ltr'><strong>praestaret</strong></span> <span class='ocrx_word' id='word_1_192' title='bbox 1072 2162 1119 2186; x_wconf 84' lang='lat' dir='ltr'><strong>ae</strong></span> <span class='ocrx_word' id='word_1_193' title='bbox 1157 2145 1441 2198; x_wconf 80' lang='lat' dir='ltr'><strong>diligentiam,</strong></span> <span class='ocrx_word' id='word_1_194' title='bbox 1484 2145 1527 2184; x_wconf 90' lang='lat' dir='ltr'><strong>in</strong></span> 
     </span>
     <span class='ocr_line' id='line_1_28' title="bbox 110 2219 1529 2280; baseline -0.002 -16"><span class='ocrx_word' id='word_1_195' title='bbox 110 2223 337 2280; x_wconf 79' lang='lat' dir='ltr'><strong>Aegyptios</strong></span> <span class='ocrx_word' id='word_1_196' title='bbox 367 2219 648 2272; x_wconf 72' lang='lat' dir='ltr'><strong>Christianos,</strong></span> <span class='ocrx_word' id='word_1_197' title='bbox 689 2224 762 2264; x_wconf 85' lang='lat' dir='ltr'><strong>sed</strong></span> <span class='ocrx_word' id='word_1_198' title='bbox 800 2222 843 2264; x_wconf 90' lang='lat' dir='ltr'><strong>in</strong></span> <span class='ocrx_word' id='word_1_199' title='bbox 873 2223 1179 2264; x_wconf 80' lang='lat' dir='ltr'><strong>Alexandrinos</strong></span> <span class='ocrx_word' id='word_1_200' title='bbox 1210 2222 1437 2277; x_wconf 85' lang='lat' dir='ltr'><strong>praecipue</strong></span> <span class='ocrx_word' id='word_1_201' title='bbox 1468 2222 1529 2261; x_wconf 61' lang='lat' dir='ltr'><strong>se-</strong></span> 
     </span>
     <span class='ocr_line' id='line_1_29' title="bbox 107 2298 1529 2356; baseline -0.001 -16"><span class='ocrx_word' id='word_1_202' title='bbox 107 2299 200 2340; x_wconf 87' lang='lat' dir='ltr'><strong>rino</strong></span> <span class='ocrx_word' id='word_1_203' title='bbox 230 2299 313 2341; x_wconf 88' lang='lat' dir='ltr'><strong>ritu</strong></span> <span class='ocrx_word' id='word_1_204' title='bbox 343 2299 554 2340; x_wconf 85' lang='lat' dir='ltr'><strong>desaeviit.</strong></span> <span class='ocrx_word' id='word_1_205' title='bbox 616 2301 725 2340; x_wconf 83' lang='lat' dir='ltr'><strong>Tum</strong></span> <span class='ocrx_word' id='word_1_206' title='bbox 769 2317 868 2341; x_wconf 91' lang='lat' dir='ltr'><strong>vero</strong></span> <span class='ocrx_word' id='word_1_207' title='bbox 902 2301 1127 2353; x_wconf 85' lang='lat' dir='ltr'><strong>Origenem</strong></span> <span class='ocrx_word' id='word_1_208' title='bbox 1168 2300 1310 2352; x_wconf 89' lang='lat' dir='ltr'><strong>ingens</strong></span> <span class='ocrx_word' id='word_1_209' title='bbox 1340 2298 1529 2356; x_wconf 73' lang='lat' dir='ltr'><strong>martyrii</strong></span> 
     </span>
     <span class='ocr_line' id='line_1_30' title="bbox 108 2376 1529 2433; baseline -0.001 -16"><span class='ocrx_word' id='word_1_210' title='bbox 108 2377 264 2433; x_wconf 89' lang='lat' dir='ltr'><strong>cupido</strong></span> <span class='ocrx_word' id='word_1_211' title='bbox 296 2377 490 2425; x_wconf 86' lang='lat' dir='ltr'><strong>incessit,</strong></span> <span class='ocrx_word' id='word_1_212' title='bbox 529 2376 600 2432; x_wconf 85' lang='lat' dir='ltr'><strong>qui</strong></span> <span class='ocrx_word' id='word_1_213' title='bbox 639 2393 681 2417; x_wconf 91' lang='lat' dir='ltr'><strong>se</strong></span> <span class='ocrx_word' id='word_1_214' title='bbox 714 2394 810 2418; x_wconf 89' lang='lat' dir='ltr'><strong>cum</strong></span> <span class='ocrx_word' id='word_1_215' title='bbox 841 2378 921 2418; x_wconf 85' lang='lat' dir='ltr'><strong>hoc</strong></span> <span class='ocrx_word' id='word_1_216' title='bbox 951 2377 1141 2426; x_wconf 84' lang='lat' dir='ltr'><strong>fecisset,</strong></span> <span class='ocrx_word' id='word_1_217' title='bbox 1176 2376 1387 2429; x_wconf 84' lang='lat' dir='ltr'><strong>egregium</strong></span> <span class='ocrx_word' id='word_1_218' title='bbox 1417 2376 1529 2417; x_wconf 89' lang='lat' dir='ltr'><strong>scili-</strong></span> 
     </span>
     <span class='ocr_line' id='line_1_31' title="bbox 108 2453 1528 2510; baseline 0 -16"><span class='ocrx_word' id='word_1_219' title='bbox 108 2465 176 2494; x_wconf 85' lang='lat' dir='ltr'><strong>cet</strong></span> <span class='ocrx_word' id='word_1_220' title='bbox 205 2453 314 2494; x_wconf 85' lang='lat' dir='ltr'><strong>vitae</strong></span> <span class='ocrx_word' id='word_1_221' title='bbox 344 2455 527 2494; x_wconf 77' lang='lat' dir='ltr'><strong>fructum</strong></span> <span class='ocrx_word' id='word_1_222' title='bbox 561 2454 718 2510; x_wconf 89' lang='lat' dir='ltr'><strong>cepisse</strong></span> <span class='ocrx_word' id='word_1_223' title='bbox 750 2455 1041 2497; x_wconf 85' lang='lat' dir='ltr'><strong>arbitrabatur.</strong></span> <span class='ocrx_word' id='word_1_224' title='bbox 1101 2454 1338 2495; x_wconf 87' lang='lat' dir='ltr'><strong>Praesensit</strong></span> <span class='ocrx_word' id='word_1_225' title='bbox 1368 2454 1413 2494; x_wconf 90' lang='lat' dir='ltr'><strong>id</strong></span> <span class='ocrx_word' id='word_1_226' title='bbox 1442 2470 1528 2494; x_wconf 83' lang='lat' dir='ltr'><strong>ma-</strong></span> 
     </span>
     <span class='ocr_line' id='line_1_32' title="bbox 111 2531 1531 2588; baseline 0 -18"><span class='ocrx_word' id='word_1_227' title='bbox 111 2541 187 2580; x_wconf 87' lang='lat' dir='ltr'><strong>ter,</strong></span> <span class='ocrx_word' id='word_1_228' title='bbox 220 2542 262 2571; x_wconf 91' lang='lat' dir='ltr'><strong>et</strong></span> <span class='ocrx_word' id='word_1_229' title='bbox 289 2531 485 2586; x_wconf 88' lang='lat' dir='ltr'><strong>precibus</strong></span> <span class='ocrx_word' id='word_1_230' title='bbox 523 2548 570 2572; x_wconf 87' lang='lat' dir='ltr'><strong>ac</strong></span> <span class='ocrx_word' id='word_1_231' title='bbox 613 2531 846 2572; x_wconf 87' lang='lat' dir='ltr'><strong>rationibus</strong></span> <span class='ocrx_word' id='word_1_232' title='bbox 886 2531 1128 2584; x_wconf 86' lang='lat' dir='ltr'><strong>excogitatis</strong></span> <span class='ocrx_word' id='word_1_233' title='bbox 1167 2534 1232 2572; x_wconf 87' lang='lat' dir='ltr'><strong>vix</strong></span> <span class='ocrx_word' id='word_1_234' title='bbox 1263 2532 1340 2572; x_wconf 81' lang='lat' dir='ltr'><strong>filii</strong></span> <span class='ocrx_word' id='word_1_235' title='bbox 1370 2548 1531 2588; x_wconf 75' lang='lat' dir='ltr'><strong>propo-</strong></span> 
     </span>
    </p>
   </div>
   <div class='ocr_carea' id='block_1_3' title="bbox 110 2607 1530 2666">
    <p class='ocr_par' dir='ltr' id='par_1_4' title="bbox 110 2607 1530 2666">
     <span class='ocr_line' id='line_1_33' title="bbox 110 2607 1530 2666; baseline 0.001 -20"><span class='ocrx_word' id='word_1_236' title='bbox 110 2607 238 2650; x_wconf 85' lang='lat' dir='ltr'><strong>situm</strong></span> <span class='ocrx_word' id='word_1_237' title='bbox 267 2609 480 2664; x_wconf 85' lang='lat' dir='ltr'><strong>repressit.</strong></span> <span class='ocrx_word' id='word_1_238' title='bbox 548 2608 680 2663; x_wconf 80' lang='lat' dir='ltr'><strong>Quod</strong></span> <span class='ocrx_word' id='word_1_239' title='bbox 720 2610 915 2650; x_wconf 87' lang='lat' dir='ltr'><strong>omnibus</strong></span> <span class='ocrx_word' id='word_1_240' title='bbox 954 2626 1085 2666; x_wconf 88' lang='lat' dir='ltr'><strong>porro</strong></span> <span class='ocrx_word' id='word_1_241' title='bbox 1128 2610 1236 2650; x_wconf 83' lang='lat' dir='ltr'><strong>votis</strong></span> <span class='ocrx_word' id='word_1_242' title='bbox 1277 2608 1530 2664; x_wconf 82' lang='lat' dir='ltr'><strong>concupive-</strong></span> 
     </span>
    </p>
   </div>
   <div class='ocr_carea' id='block_1_4' title="bbox 232 2843 1278 2904">
    <p class='ocr_par' dir='ltr' id='par_1_5' title="bbox 232 2843 1278 2904">
     <span class='ocr_line' id='line_1_34' title="bbox 232 2843 1278 2904; baseline 0.004 -20"><span class='ocrx_word' id='word_1_243' title='bbox 232 2843 272 2899; x_wconf 92' lang='lat'><strong>¹)</strong></span> <span class='ocrx_word' id='word_1_244' title='bbox 303 2844 390 2886; x_wconf 85' lang='lat' dir='ltr'><strong>Cfr.</strong></span> <span class='ocrx_word' id='word_1_245' title='bbox 421 2845 570 2886; x_wconf 84' lang='lat' dir='ltr'><strong>Euscb.</strong></span> <span class='ocrx_word' id='word_1_246' title='bbox 603 2845 709 2887; x_wconf 79' lang='lat' dir='ltr'><strong>Hist.</strong></span> <span class='ocrx_word' id='word_1_247' title='bbox 743 2847 889 2890; x_wconf 80' lang='lat' dir='ltr'><strong>eccles.</strong></span> <span class='ocrx_word' id='word_1_248' title='bbox 922 2848 994 2892; x_wconf 87' lang='lat' dir='ltr'><strong>lib.</strong></span> <span class='ocrx_word' id='word_1_249' title='bbox 1030 2850 1098 2892; x_wconf 84' lang='lat' dir='ltr'><strong>VI.</strong></span> <span class='ocrx_word' id='word_1_250' title='bbox 1133 2865 1221 2904; x_wconf 86' lang='lat' dir='ltr'><strong>cap.</strong></span> <span class='ocrx_word' id='word_1_251' title='bbox 1240 2847 1278 2889; x_wconf 86' lang='lat'><strong>2.</strong></span> 
     </span>
    </p>
   </div>
  </div>
 </body>
</html>
