1759 3125
218 84 270 127 12
632 87 771 129 Parni
814 87 1027 130 DANJEms
1059 89 1220 132 HUETn

215 209 282 239 tus
326 214 410 239 non
455 200 697 250 accesserit,
732 194 959 257 =annosque
1011 218 1106 242 cum
1158 201 1357 243 undecim
1404 203 1634 245 audiverit:

215 275 331 331 quasi
373 276 694 318 catechumenis
736 278 836 319 fidei
879 278 1137 319 Christianae
1177 278 1415 320 rudimenta
1454 282 1633 331 tradere,

214 363 253 392 ct
284 352 612 394 Grammaticam
646 355 816 410 publice
848 355 1039 411 profiteri
1070 372 1155 396 non
1186 356 1376 412 potuerit
1407 358 1633 410 Origencs;

213 429 301 485 ipse
331 430 546 470 succisivis
576 430 690 472 horis
719 432 953 487 sepositum
985 433 1035 473 ad
1068 433 1325 474 audiendum
1360 436 1632 476 Ammonium

211 518 379 562 tempus
428 508 595 553 babere,
664 510 810 565 Neque
859 526 960 550 vero
1012 522 1110 566 post
1151 512 1399 570 Porphyrii,
1443 513 1632 563 Eusebii,

210 585 442 641 Nicrpliori
463 618 471 633 ,
504 598 544 626 et
575 585 733 627 Suidae
766 587 1077 639 testimonium,
1111 587 1210 644 quin
1242 590 1475 631 Ammonio
1506 591 1635 643 magi-

210 674 296 703 stro
329 680 426 704 usus
456 662 522 712 sit,
553 674 694 718 potest
724 663 924 707 dubitari.

322 742 417 786 Vll,
481 741 668 796 Spissior
699 753 759 781 est
791 753 831 782 et
861 743 1124 784 reconditior
1153 743 1283 784 altera
1316 745 1530 799 quaestio,
1562 762 1633 785 cu-

209 817 271 875 jus
309 831 502 859 accurate
540 820 824 875 pertractandi
865 822 1142 861 commodum
1181 820 1292 861 nacti
1333 821 1498 870 locum,
1544 838 1631 861 non

210 897 517 952 disputabimus
572 908 756 947 tantum,
813 897 1008 953 pluresne
1064 898 1268 950 Origenes
1316 915 1363 938 ex
1411 898 1629 938 Ammonii

207 975 353 1015 schola
384 975 467 1016 orti
496 975 602 1026 sint,
643 976 717 1016 sed
756 976 808 1016 ab
846 992 988 1016 unone
1029 975 1154 1016 etiam
1186 987 1227 1015 et
1260 976 1414 1015 eodem
1446 976 1629 1028 Origene

205 1053 363 1108 duplex
406 1053 739 1105 Origenistarum
779 1053 1104 1094 Haereticorum
1151 1063 1262 1092 secta
1311 1054 1506 1108 prosecta
1555 1054 1630 1105 sit3

206 1142 295 1170 tum
327 1131 452 1171 etiam
482 1130 760 1186 multiplexne
791 1130 918 1171 fuerit
948 1131 1237 1172 Adamantius,
1284 1130 1369 1170 Per
1398 1130 1501 1170 mihi
1531 1147 1628 1171 sane

204 1209 346 1263 placet
376 1208 548 1249 Hem-ici
578 1208 734 1249 Valesii
774 1208 1001 1258 sententia,
1055 1207 1134 1248 viri
1176 1206 1484 1248 ecclesiasticae
1515 1207 1629 1265 juxta

206 1298 246 1326 ct
284 1287 486 1341 profanae
525 1285 783 1341 antiquitatis
824 1286 987 1327 literate
1027 1285 1166 1341 periti.
1235 1285 1273 1326 Is
1314 1286 1357 1325 in
1401 1285 1627 1327 luculentis

203 1364 255 1403 ad
285 1363 459 1404 Euscbii
490 1363 720 1404 Historiam
759 1364 1102 1404 annotationibus
1143 1362 1357 1415 geminum
1398 1362 1628 1417 Origenem

203 1440 434 1481 Ammonio
468 1458 641 1497 operam
673 1442 725 1482 ad
756 1441 1012 1482 audiendum
1045 1441 1208 1482 dedisse
1239 1440 1405 1491 scribit,
1445 1442 1625 1483 alterum

202 1517 503 1559 Adamantium
534 1531 746 1570 nostrum3
778 1520 957 1559 alterum
989 1519 1133 1569 illum,
1165 1519 1235 1575 qui
1267 1536 1362 1560 cum
1393 1518 1626 1570 Herennio,

204 1607 245 1636 et
274 1597 447 1637 Plotino
479 1613 501 1637 a
533 1596 872 1652 condiscipulatu
904 1595 1127 1653 conjuncte
1159 1596 1282 1646 vixit,
1324 1608 1364 1636 et
1395 1596 1510 1654 cujus
1542 1598 1624 1637 fre·

203 1691 333 1730 quens
364 1674 550 1715 occurrit
579 1674 739 1715 mentio
781 1674 822 1714 in
864 1673 948 1714 vita
978 1673 1141 1714 Plotini
1183 1690 1204 1714 a
1242 1673 1482 1731 Porphyrio
1523 1691 1624 1716 con-

198 1752 366 1807 scripta,
399 1763 439 1792 et
470 1752 512 1793 in
544 1752 640 1792 libri
673 1752 732 1793 de'
755 1752 838 1792 fine
870 1751 1099 1804 aLongino
1131 1751 1341 1792 lucubrati
1371 1752 1623 1803 fragmento,

202 1831 318 1885 quod
348 1829 445 1870 huie
474 1828 556 1884 ipsi
589 1829 708 1869 Vitae
738 1828 999 1886 Porphyrius
1030 1828 1222 1869 intexuit.
1283 1828 1499 1880 Rationes,
1531 1830 1624 1886 qui-

198 1909 276 1948 bus
306 1907 350 1948 id
381 1906 558 1947 adstruit
598 1906 660 1946 vir
700 1907 873 1956 doctus,
914 1905 1035 1947 brevi
1074 1907 1344 1960 complectar.
1412 1908 1622 1949 Adaman-

196 1984 303 2026 tium
341 1983 569 2036 Origenem
609 1983 828 2023 Ammonii
866 1982 1104 2023 auditorem
1150 1984 1327 2023 multam
1366 1999 1413 2023 ex
1454 1985 1620 2041 scriptis

198 2063 311 2118 apud
356 2073 549 2116 posteros
595 2060 773 2111 gloriam
821 2059 947 2100 fuisse
997 2071 1271 2100 consecutum
1315 2076 1338 2100 a
1376 2061 1616 2120 Porphyrio

197 2139 310 2194 apud
346 2138 487 2178 Euscb
541 2135 648 2177 Hist.
689 2137 850 2176 Eccles.
884 2137 956 2178 lib.
987 2137 1059 2175 VI.
1093 2152 1166 2191 cap
1202 2136 1269 2178 19.
1300 2137 1501 2179 traditum
1534 2153 1616 2193 est3

196 2229 238 2257 at
268 2215 494 2267 Origenem
525 2214 727 2264 alterurn,
767 2213 926 2254 Plotini
964 2213 1175 2262 sodalem,
1214 2214 1319 2254 nihil
1357 2229 1526 2270 praeter
1568 2220 1616 2260 li—

195 2295 356 2334 bellum
389 2294 439 2333 de
471 2292 763 2333 Daemonibus
791 2291 995 2346 scriptum
1027 2291 1267 2345 reliquisse,
1300 2293 1456 2334 docent
1486 2295 1614 2338 iidem

196 2370 481 2428 Porphyrius,
523 2382 562 2410 et
604 2369 828 2421 longinus.
899 2368 1209 2424 Imperantibus
1238 2382 1454 2424 praeterea
1485 2374 1613 2415 Gallo

195 2461 234 2490 et
267 2448 498 2488 Volusiano
532 2447 760 2499 Origenem
793 2464 912 2496 eum,
951 2445 1020 2501 qni
1065 2446 1337 2487 Adamantius
1375 2463 1613 2505 usurpatur,

193 2538 426 2567 extremum
459 2524 651 2564 clausisse
684 2524 795 2564 diem
828 2523 972 2579 prodit
993 2523 1220 2574 Eusebius;
1253 2524 1479 2576 Origenem
1512 2545 1612 2569 vero

191 2605 370 2645 alterum
402 2603 478 2643 sub
511 2602 707 2643 Gallieno
742 2601 896 2641 librum
930 2601 1138 2656 quendam
1171 2601 1431 2652 elaborasse,
1472 2604 1513 2644 in
1547 2623 1612 2647 ea-

191 2683 290 2722 dem
327 2679 489 2720 Plotini
526 2679 610 2719 vita
649 2678 851 2734 scriptum
890 2677 1148 2735 Porphyrius
1188 2678 1374 2733 reliquit.
1446 2680 1612 2734 Quibus

192 2759 364 2800 tertium
397 2757 505 2797 illud
536 2768 825 2809 argumentum
859 2756 982 2795 addo,
1053 2754 1280 2807 Origencm
1312 2757 1613 2801 Adamantium

192 2836 270 2879 sibi
304 2836 423 2877 valde
455 2834 712 2875 adolescenti
745 2833 958 2887 cognitum
996 2831 1222 2887 aliquando
1266 2833 1389 2874 fuisse
1421 2834 1611 2893 Porphy-
