1759 3125
480 88 866 128 ORIGENtANORUM
895 86 1036 126 mez
1066 87 1122 126 11.
1415 85 1495 128 127

198 196 429 238 Difficilior
450 198 488 250 ¹)
531 196 654 237 etiarn
688 207 749 236 est
789 195 983 236 locorum
1013 194 1193 244 solutio,
1233 195 1304 250 qui
1338 208 1496 237 exstant

88 274 180 316 libr.
210 274 250 318 8.
282 284 414 314 contr.
448 272 556 316 Cels.
587 289 700 313 num.
734 272 800 314 12.
862 273 919 312 Et
950 271 1004 314 δέ
1030 287 1093 319 τις
1122 270 1494 328 περισπασθήσε-

202 507 240 562 ¹)
272 507 473 547 Difficilis
505 507 700 562 equidem
741 506 877 562 plima
917 509 1056 548 fionte
1096 508 1230 548 videri
1265 506 1400 562 possit
1430 508 1494 548 lo-

85 581 228 605 corum
258 564 434 604 istomm
463 563 645 614 solutio;
685 566 757 603 sed
798 565 829 605 si
870 565 1065 604 attentius
1097 577 1138 604 et
1167 565 1333 619 penitus
1365 564 1493 619 1115Ρί-

84 621 255 669 ciantur,
287 620 664 674 praeclarissimum
697 621 854 660 dabunt
880 636 1044 660 numer:
1051 637 1120 660 cae
1151 621 1192 660 in
1226 620 1365 660 divina
1395 622 1492 660 sub-

80 676 228 718 stantia
257 677 425 716 unitatis
456 676 756 716 testimonium.
807 678 854 725 l.,
885 676 1083 717 Adhibita
1109 679 1158 717 ab
1180 677 1364 728 Origene
1397 693 1491 716 cau-

79 733 155 782 tio,
186 748 237 772 ne
268 733 394 781 idem,
426 733 540 787 quod
571 733 779 780 NoetianL
811 733 963 773 sentire
990 734 1215 782 videretur,
1246 744 1489 784 argumento

84 801 145 829 est
174 788 356 828 mediam
390 789 510 828 illum
542 788 648 828 viam
681 789 860 829 tenuisse
891 789 1000 829 inter
1031 789 1223 829 Arianam
1266 801 1306 828 et
1343 790 1491 830 Sabel-

82 845 235 885 lianam
278 845 488 893 haeresin,
547 856 593 884 ut
646 845 849 885 catholica
906 862 1073 900 semper
1117 845 1252 885 tenuit
1298 845 1486 885 ecclesia.

82 901 189 956 Quis
220 901 329 941 enim
358 912 441 941 tres
471 916 670 955 personas
702 902 824 953 longe
856 902 1020 957 lateque
1053 901 1304 950 dissocians,
1335 902 1378 941 id
1410 901 1488 941 sibi

80 958 308 998 cavendum
340 968 381 996 et
409 957 683 996 metuendum
714 969 846 1011 putet,
877 975 927 997 ne
960 975 1024 998 eas
1059 958 1316 997 confundere
1349 957 1488 997 videa-

82 1014 184 1055 tur?
234 1015 302 1063 Il„
337 1013 509 1068 Repetit
539 1012 708 1067 quidem
731 1013 932 1065 Origenes
963 1014 1164 1054 unitatem
1194 1013 1277 1053 Dei
1311 1030 1356 1053 ex
1389 1031 1489 1053 con-

82 1070 224 1110 cordia
254 1081 296 1109 et
327 1085 530 1109 consensu
558 1070 668 1109 inter
696 1070 864 1111 Patrem
896 1081 937 1109 et
965 1070 1139 1119 Filium,
1170 1071 1240 1109 sed
1259 1071 1368 1109 hunc
1390 1087 1488 1110 con-

78 1143 242 1168 sensum
275 1125 315 1165 in
345 1123 589 1167 i'dentltate
618 1126 868 1168 voluntates
898 1127 1042 1181 ponit·
1085 1142 1189 1181 quae
1221 1126 1392 1181 quidem
1425 1127 1487 1166 lo-

80 1182 232 1238 quendi
262 1182 369 1222 latio
403 1198 496 1221 cum
526 1198 598 1221 sua
628 1194 779 1236 sponte
818 1183 1100 1231 voluntatem,
1142 1182 1226 1222 sive
1269 1184 1486 1222 essentiam

79 1239 212 1280 Patris
243 1238 356 1278 Filio
392 1238 741 1278 communicatam
772 1239 969 1290 designat,
999 1250 1089 1278 tum
1112 1255 1211 1278 vero
1236 1239 1365 1278 alium
1395 1256 1487 1279 sen-

78 1312 169 1337 sum
209 1295 291 1335 hoc
332 1294 427 1334 loco
469 1311 555 1334 non
598 1295 767 1350 patitur.
842 1297 948 1336 Nam
994 1294 1236 1346 haereticis,
1281 1311 1406 1335 unam
1440 1296 1483 1335 in

77 1353 202 1394 Patre
235 1363 274 1391 et
303 1350 418 1391 Filio
460 1353 742 1401 voluntatem,
780 1351 865 1391 sive
906 1351 1124 1391 essentiam
1165 1363 1206 1391 et
1243 1351 1485 1408 hjpostasin

77 1407 349 1460 fingentibus,
384 1407 580 1447 concedit
609 1424 734 1447 unam
768 1424 854 1448 esse
886 1409 1078 1448 voluntat
1067 1424 1171 1456 tem,
1223 1408 1322 1447 duas
1353 1407 1486 1471 hypo-

78 1477 203 1506 stases
233 1463 420 1518 requilit.
483 1462 614 1516 Quod
653 1463 706 1513 si,
751 1476 798 1503 ut
839 1465 938 1504 duas
969 1464 1240 1520 11Η105111565,
1272 1463 1328 1503 ita
1360 1464 1484 1504 etiam

79 1523 178 1562 duas
214 1520 450 1560 voluntates
480 1519 738 1569 admittebat,
770 1536 844 1559 cur
871 1520 915 1559 in
945 1518 1078 1560 altero
1110 1536 1255 1559 manus
1288 1521 1357 1559 dat
1390 1522 1484 1559 bae-

75 1577 304 1619 reticorum
335 1575 587 1626 sententiae,
633 1577 683 1616 de
722 1577 855 1616 altem
895 1588 981 1616 tam
1021 1575 1228 1615 obstinate
1271 1575 1485 1627 delitigat?

78 1634 183 1675 Cum
214 1632 460 1687 praesertim
491 1633 584 1673 data
616 1648 742 1686 opera
774 1632 1018 1684 distinguat,
1058 1631 1156 1686 quid
1187 1648 1410 1672 numerum
1441 1633 1482 1672 in

76 1689 284 1730 Trinitate
321 1688 523 1743 patiatur,
562 1688 663 1743 quid
700 1705 786 1728 non
823 1689 1018 1742 patiatur.
1085 1688 1252 1728 Deinde
1295 1705 1393 1728 vero
1436 1706 1484 1729 ex

78 1747 154 1786 hac
184 1744 411 1785 voluntatis
440 1744 661 1785 identitate
689 1745 781 1784 fieri
811 1746 1006 1792 declarat,
1038 1755 1100 1792 ut,
1132 1744 1202 1798 qui
1235 1744 1389 1784 Filium
1423 1746 1483 1783 xi-

79 1801 415 1851 derit,Pat1em
460 1817 629 1856 quoque
671 1801 835 1842 viderit.
911 1800 1084 1856 Optime
1116 1800 1299 1855 quidem,
1332 1803 1365 1841 si
1395 1814 1484 1842 tota

75 1858 211 1899 Patris
242 1857 435 1897 voluntas
476 1857 589 1897 Filio
629 1857 781 1897 tradita
812 1869 852 1897 et
883 1857 1210 1897 communicata:
1253 1857 1332 1896 hoc
1370 1858 1480 1897 enim

73 1914 214 1980 posito
246 1913 447 1967 sequitur,
476 1913 579 1953 nihil
610 1929 697 1953 esse
727 1913 767 1953 in
799 1914 945 1961 Patre,
985 1913 1099 1975 quod
1129 1929 1214 1952 non
1255 1912 1307 1952 sit
1337 1914 1378 1953 in
1411 1914 1483 1954 Fi-

75 1970 158 2018 lio,
188 1981 228 2009 et
256 1969 426 2009 Patrem
455 1969 608 2017 videri,
651 1970 749 2008 dum
789 1969 954 2009 videtur
981 1967 1130 2008 Filius.
1199 1971 1254 2008 At
1293 1969 1326 2008 si
1366 1969 1483 2010 iden-

76 2027 171 2068 titas
201 2025 427 2065 voluntatis
455 2024 561 2065 nihil
592 2025 706 2064 aliud
738 2036 810 2074 est,
842 2041 967 2080 quam
997 2024 1247 2079 obsequium
1278 2025 1378 2065 Filii
1412 2028 1481 2066 ad-

73 2099 212 2123 versus
241 2082 423 2130 Patrem,
458 2083 547 2136 quis
583 2092 668 2120 tam
699 2082 922 2130 absurdus,
960 2092 1006 2121 ut
1046 2096 1092 2119 ex
1124 2080 1330 2136 ejusmodi
1363 2085 1483 2124 obse-

133 2140 174 2178 io
207 2139 431 2178 concludat
459 2137 675 2193 aequalem
698 2138 811 2178 Patri
843 2155 928 2178 esse
944 2137 1118 2186 Filium,
1151 2149 1191 2177 et
1221 2138 1388 2179 Patrem
1421 2140 1480 2179 vi-

74 2195 178 2245 deri,
209 2196 308 2234 dum
339 2194 509 2234 videtur
537 2194 703 2234 Filius?
752 2196 852 2243 HL,
884 2194 1061 2234 Refellit
1090 2193 1171 2233 hoc
1202 2196 1298 2234 loeo
1333 2195 1482 2247 Oiige-

72 2267 158 2299 nes,
187 2251 302 2306 quod
331 2251 475 2291 Celsus
504 2250 722 2306 petinique
761 2226 853 2290 fieri
882 2267 903 2290 a
936 2249 1178 2292 Christianis
1208 2251 1394 2300 dicebat,
1434 2265 1480 2293 ut

76 2324 170 2348 cum
199 2309 280 2371 ipsi
308 2318 475 2370 praeter
503 2323 711 2346 summum
742 2308 896 2356 Deum,
930 2306 1048 2347 lzmlc
1077 2319 1234 2347 recens
1263 2316 1479 2348 evorsum

77 2363 154 2419 (sic
193 2362 303 2403 enim
344 2362 552 2403 Christum
597 2363 856 2418 designabat)
911 2364 1049 2403 colere
1096 2379 1181 2402 non
1226 2364 1476 2413 dubitarent,

76 2420 251 2460 eandem
288 2419 453 2459 veniam
493 2418 582 2459 aliis
621 2436 705 2458 non
750 2421 895 2459 darent
931 2435 1096 2459 summo
1137 2420 1231 2458 Deo
1264 2421 1476 2461 ministios

74 2474 338 2531 adjungendi
417 2476 662 2530 Respondet
706 2475 926 2528 Origenes,
971 2476 1092 2515 aliter
1137 2476 1187 2515 de
1236 2476 1477 2518 Christianis

75 2532 400 2572 existimaturum
439 2532 565 2571 fuisse
596 2532 786 2582 Celsum,
825 2532 858 2572 si
887 2532 1159 2572 intellexisset
1188 2531 1314 2573 illud:
1357 2534 1475 2584 „Ego

78 2598 119 2627 et
147 2598 266 2641 pater
293 2604 423 2627 unum
453 2594 652 2628 sumus:“
686 2600 746 2628 et:
779 2589 931 2638 „Pater
960 2588 1003 2628 in
1031 2605 1120 2635 me,
1152 2599 1193 2627 et
1220 2605 1295 2640 ego
1327 2589 1369 2629 in
1398 2590 1478 2630 Pa-

73 2649 178 2683 tref‘
209 2642 317 2696 (Cfr.
349 2660 411 2685 ev,
436 2644 586 2684 Joann.
617 2644 671 2693 X,
703 2644 768 2687 30.
797 2645 934 2686 XVII.
964 2644 1032 2686 22.
1064 2644 1161 2685 coll.
1191 2646 1307 2693 XAEV,
1342 2646 1404 2687 11.
1436 2657 1477 2685 et

74 2697 213 2745 XVII,
243 2698 330 2752 21.)
361 2699 471 2739 Tum
500 2700 683 2741 adhibita
724 2701 937 2750 cautione,
974 2717 1026 2741 ne
1071 2700 1161 2755 quis
1198 2700 1277 2741 sibi
1309 2701 1477 2741 Nomia-

73 2769 149 2794 nae
194 2753 370 2794 haeresis
411 2767 552 2795 notam
596 2756 805 2804 inureret,
853 2757 1069 2797 concludit
1113 2768 1257 2797 contra
1306 2757 1474 2797 Celsum

71 2822 213 2851 unum
244 2809 404 2859 Deum,
435 2811 624 2853 Patrem
654 2821 698 2854 et
728 2813 896 2855 Fclmm
934 2830 953 2852 a
987 2812 1230 2854 Clnistianis
1263 2812 1369 2862 coli,
1400 2824 1473 2852 res
