<?xml version="1.0" encoding="UTF-8"?>
<!DOCTYPE html PUBLIC "-//W3C//DTD XHTML 1.0 Transitional//EN"
    "http://www.w3.org/TR/xhtml1/DTD/xhtml1-transitional.dtd">
<html xmlns="http://www.w3.org/1999/xhtml" xml:lang="en" lang="en">
 <head>
  <title>
</title>
<meta http-equiv="Content-Type" content="text/html;charset=utf-8" />
  <meta name='ocr-system' content='tesseract 3.04.00' />
  <meta name='ocr-capabilities' content='ocr_page ocr_carea ocr_par ocr_line ocrx_word'/>
</head>
<body>
  <div class='ocr_page' id='page_1' title='image "./operaomniaquaegr22orig/operaomniaquaegr22orig_0276.png"; bbox 0 0 1759 3125; ppageno 0'>
   <div class='ocr_carea' id='block_1_1' title="bbox 258 105 1270 154">
    <p class='ocr_par' dir='ltr' id='par_1_1' title="bbox 258 105 1270 154">
     <span class='ocr_line' id='line_1_1' title="bbox 258 105 1270 154; baseline 0.004 -5"><span class='ocrx_word' id='word_1_1' title='bbox 258 105 342 149; x_wconf 77' lang='lat'><strong>264</strong></span> <span class='ocrx_word' id='word_1_2' title='bbox 683 109 820 152; x_wconf 76' lang='lat' dir='ltr'><strong>PssTm</strong></span> <span class='ocrx_word' id='word_1_3' title='bbox 860 110 1075 153; x_wconf 71' lang='lat' dir='ltr'><strong>DANffius</strong></span> <span class='ocrx_word' id='word_1_4' title='bbox 1107 111 1270 154; x_wconf 74' lang='grc' dir='ltr'>Ηυετιι</span> 
     </span>
    </p>
   </div>
   <div class='ocr_carea' id='block_1_2' title="bbox 268 217 1695 281">
    <p class='ocr_par' dir='ltr' id='par_1_2' title="bbox 268 217 1695 281">
     <span class='ocr_line' id='line_1_2' title="bbox 268 217 1695 281; baseline 0.008 -25"><span class='ocrx_word' id='word_1_5' title='bbox 268 217 405 259; x_wconf 84' lang='lat' dir='ltr'><strong>tiones</strong></span> <span class='ocrx_word' id='word_1_6' title='bbox 437 220 630 277; x_wconf 78' lang='lat' dir='ltr'><strong>Syriaca,</strong></span> <span class='ocrx_word' id='word_1_7' title='bbox 662 225 937 280; x_wconf 77' lang='lat' dir='ltr'><strong>Aethiopica,</strong></span> <span class='ocrx_word' id='word_1_8' title='bbox 966 228 1017 264; x_wconf 62' lang='lat' dir='ltr'><strong>‘et</strong></span> <span class='ocrx_word' id='word_1_9' title='bbox 1049 225 1238 275; x_wconf 83' lang='lat' dir='ltr'><strong>Persica,</strong></span> <span class='ocrx_word' id='word_1_10' title='bbox 1270 237 1310 265; x_wconf 91' lang='lat' dir='ltr'><strong>et</strong></span> <span class='ocrx_word' id='word_1_11' title='bbox 1342 225 1487 265; x_wconf 87' lang='lat' dir='ltr'><strong>Patres</strong></span> <span class='ocrx_word' id='word_1_12' title='bbox 1518 224 1695 281; x_wconf 75' lang='lat' dir='ltr'>aliquot,</span> 
     </span>
    </p>
   </div>
   <div class='ocr_carea' id='block_1_3' title="bbox 271 297 1694 358">
    <p class='ocr_par' dir='ltr' id='par_1_3' title="bbox 271 297 1694 358">
     <span class='ocr_line' id='line_1_3' title="bbox 271 297 1694 358; baseline 0.005 -23"><span class='ocrx_word' id='word_1_13' title='bbox 271 310 317 335; x_wconf 83' lang='lat' dir='ltr'><strong>ac</strong></span> <span class='ocrx_word' id='word_1_14' title='bbox 350 297 531 338; x_wconf 75' lang='lat' dir='ltr'>Codices</span> <span class='ocrx_word' id='word_1_15' title='bbox 564 301 670 340; x_wconf 69' lang='lat' dir='ltr'><strong>bene</strong></span> <span class='ocrx_word' id='word_1_16' title='bbox 688 301 813 341; x_wconf 86' lang='lat' dir='ltr'><strong>multi</strong></span> <span class='ocrx_word' id='word_1_17' title='bbox 840 312 1023 345; x_wconf 84' lang='lat' dir='ltr'><strong>tuentur.</strong></span> <span class='ocrx_word' id='word_1_18' title='bbox 1076 302 1175 356; x_wconf 79' lang='lat' dir='ltr'><strong>Alii,</strong></span> <span class='ocrx_word' id='word_1_19' title='bbox 1208 319 1345 358; x_wconf 86' lang='lat' dir='ltr'><strong>neque</strong></span> <span class='ocrx_word' id='word_1_20' title='bbox 1373 302 1495 358; x_wconf 83' lang='lat' dir='ltr'><strong>pauci</strong></span> <span class='ocrx_word' id='word_1_21' title='bbox 1519 304 1694 344; x_wconf 81' lang='lat' dir='ltr'><strong>habent:</strong></span> 
     </span>
    </p>
   </div>
   <div class='ocr_carea' id='block_1_4' title="bbox 1748 161 1758 180">
    <p class='ocr_par' dir='ltr' id='par_1_4' title="bbox 1748 161 1758 180">
     <span class='ocr_line' id='line_1_4' title="bbox 1748 161 1758 180; baseline 0 0"><span class='ocrx_word' id='word_1_22' title='bbox 1748 161 1758 180; x_wconf 77' lang='grc' dir='ltr'>Ι</span> 
     </span>
    </p>
   </div>
   <div class='ocr_carea' id='block_1_5' title="bbox 273 371 1757 435">
    <p class='ocr_par' dir='ltr' id='par_1_5' title="bbox 273 371 1757 435">
     <span class='ocr_line' id='line_1_5' title="bbox 273 371 1757 435; baseline 0.005 -22"><span class='ocrx_word' id='word_1_23' title='bbox 273 371 440 423; x_wconf 81' lang='grc' dir='ltr'><em>αὐτοῦ,</em></span> <span class='ocrx_word' id='word_1_24' title='bbox 481 377 554 416; x_wconf 84' lang='lat' dir='ltr'><strong>sed</strong></span> <span class='ocrx_word' id='word_1_25' title='bbox 593 377 817 430; x_wconf 84' lang='lat' dir='ltr'><strong>legendum</strong></span> <span class='ocrx_word' id='word_1_26' title='bbox 852 377 1026 417; x_wconf 88' lang='lat' dir='ltr'><strong>omnino</strong></span> <span class='ocrx_word' id='word_1_27' title='bbox 1061 377 1216 431; x_wconf 78' lang='grc' dir='ltr'><em>αὐτῆς,</em></span> <span class='ocrx_word' id='word_1_28' title='bbox 1247 378 1357 435; x_wconf 87' lang='lat' dir='ltr'><strong>juxta</strong></span> <span class='ocrx_word' id='word_1_29' title='bbox 1388 380 1624 432; x_wconf 77' lang='lat' dir='ltr'><strong>vulgatam,</strong></span> <span class='ocrx_word' id='word_1_30' title='bbox 1657 392 1696 420; x_wconf 88' lang='lat' dir='ltr'><strong>et</strong></span> <span class='ocrx_word' id='word_1_31' title='bbox 1755 387 1757 389; x_wconf 82' lang='lat'>&#39;</span> 
     </span>
    </p>
   </div>
   <div class='ocr_carea' id='block_1_6' title="bbox 273 450 1699 819">
    <p class='ocr_par' dir='ltr' id='par_1_6' title="bbox 273 450 1699 819">
     <span class='ocr_line' id='line_1_6' title="bbox 273 450 1699 510; baseline 0.005 -20"><span class='ocrx_word' id='word_1_32' title='bbox 273 450 497 491; x_wconf 77' lang='lat' dir='ltr'>Arabicam</span> <span class='ocrx_word' id='word_1_33' title='bbox 530 452 922 510; x_wconf 73' lang='lat' dir='ltr'><strong>interpretationem</strong></span> <span class='ocrx_word' id='word_1_34' title='bbox 952 454 1216 509; x_wconf 85' lang='lat' dir='ltr'><strong>Erpenianae</strong></span> <span class='ocrx_word' id='word_1_35' title='bbox 1256 456 1465 498; x_wconf 87' lang='lat' dir='ltr'><strong>editionis.</strong></span> <span class='ocrx_word' id='word_1_36' title='bbox 1527 458 1611 499; x_wconf 80' lang='lat' dir='ltr'><strong>Uni</strong></span> <span class='ocrx_word' id='word_1_37' title='bbox 1643 458 1699 497; x_wconf 88' lang='lat' dir='ltr'><strong>si-</strong></span> 
     </span>
     <span class='ocr_line' id='line_1_7' title="bbox 274 528 1697 588; baseline 0.006 -23"><span class='ocrx_word' id='word_1_38' title='bbox 274 528 445 581; x_wconf 79' lang='lat' dir='ltr'><strong>quidem</strong></span> <span class='ocrx_word' id='word_1_39' title='bbox 477 546 711 587; x_wconf 80' lang='lat' dir='ltr'><strong>puerperae</strong></span> <span class='ocrx_word' id='word_1_40' title='bbox 727 532 1022 588; x_wconf 74' lang='lat' dir='ltr'><strong>purgationem</strong></span> <span class='ocrx_word' id='word_1_41' title='bbox 1039 531 1165 572; x_wconf 84' lang='lat' dir='ltr'><strong>fuisse</strong></span> <span class='ocrx_word' id='word_1_42' title='bbox 1195 531 1439 583; x_wconf 77' lang='lat' dir='ltr'><strong>adhibitam,</strong></span> <span class='ocrx_word' id='word_1_43' title='bbox 1468 552 1553 575; x_wconf 89' lang='lat' dir='ltr'><strong>non</strong></span> <span class='ocrx_word' id='word_1_44' title='bbox 1572 535 1697 577; x_wconf 82' lang='lat' dir='ltr'><strong>etiam</strong></span> 
     </span>
     <span class='ocr_line' id='line_1_8' title="bbox 274 603 1696 665; baseline 0.006 -22"><span class='ocrx_word' id='word_1_45' title='bbox 274 603 423 646; x_wconf 86' lang='lat' dir='ltr'><strong>infanti</strong></span> <span class='ocrx_word' id='word_1_46' title='bbox 453 620 615 649; x_wconf 85' lang='lat' dir='ltr'><strong>constat</strong></span> <span class='ocrx_word' id='word_1_47' title='bbox 656 626 703 649; x_wconf 83' lang='lat' dir='ltr'><strong>ex</strong></span> <span class='ocrx_word' id='word_1_48' title='bbox 735 609 868 649; x_wconf 83' lang='lat' dir='ltr'><strong>Levit.</strong></span> <span class='ocrx_word' id='word_1_49' title='bbox 899 607 937 650; x_wconf 82' lang='grc'><strong>2.</strong></span> <span class='ocrx_word' id='word_1_50' title='bbox 1000 608 1212 664; x_wconf 81' lang='lat' dir='ltr'><strong>Corrupta</strong></span> <span class='ocrx_word' id='word_1_51' title='bbox 1248 610 1389 665; x_wconf 86' lang='lat' dir='ltr'><strong>itaque</strong></span> <span class='ocrx_word' id='word_1_52' title='bbox 1430 611 1544 652; x_wconf 76' lang='lat' dir='ltr'><strong>vocis</strong></span> <span class='ocrx_word' id='word_1_53' title='bbox 1584 613 1696 652; x_wconf 88' lang='lat' dir='ltr'><strong>illius</strong></span> 
     </span>
     <span class='ocr_line' id='line_1_9' title="bbox 275 680 1695 739; baseline 0.005 -17"><span class='ocrx_word' id='word_1_54' title='bbox 275 680 410 735; x_wconf 80' lang='grc' dir='ltr'><em>αὐτῆς</em></span> <span class='ocrx_word' id='word_1_55' title='bbox 440 683 567 725; x_wconf 84' lang='lat' dir='ltr'><strong>lectio</strong></span> <span class='ocrx_word' id='word_1_56' title='bbox 601 686 774 739; x_wconf 85' lang='lat' dir='ltr'><strong>Origeni</strong></span> <span class='ocrx_word' id='word_1_57' title='bbox 804 687 948 726; x_wconf 87' lang='lat' dir='ltr'><strong>fucum</strong></span> <span class='ocrx_word' id='word_1_58' title='bbox 981 685 1105 735; x_wconf 86' lang='lat' dir='ltr'><strong>fecit,</strong></span> <span class='ocrx_word' id='word_1_59' title='bbox 1148 698 1189 726; x_wconf 90' lang='lat' dir='ltr'><strong>et</strong></span> <span class='ocrx_word' id='word_1_60' title='bbox 1227 685 1441 728; x_wconf 79' lang='lat' dir='ltr'><strong>Christum</strong></span> <span class='ocrx_word' id='word_1_61' title='bbox 1472 687 1620 729; x_wconf 87' lang='lat' dir='ltr'><strong>itidem</strong></span> <span class='ocrx_word' id='word_1_62' title='bbox 1649 701 1695 729; x_wconf 87' lang='lat' dir='ltr'><strong>ut</strong></span> 
     </span>
     <span class='ocr_line' id='line_1_10' title="bbox 274 757 1696 819; baseline 0.006 -22"><span class='ocrx_word' id='word_1_63' title='bbox 274 757 453 799; x_wconf 65' lang='lat' dir='ltr'><strong>Blariam</strong></span> <span class='ocrx_word' id='word_1_64' title='bbox 504 762 802 815; x_wconf 77' lang='lat' dir='ltr'><strong>purificatione</strong></span> <span class='ocrx_word' id='word_1_65' title='bbox 852 780 958 819; x_wconf 85' lang='lat' dir='ltr'><strong>opus</strong></span> <span class='ocrx_word' id='word_1_66' title='bbox 1006 762 1196 803; x_wconf 80' lang='lat' dir='ltr'><strong>habuisse</strong></span> <span class='ocrx_word' id='word_1_67' title='bbox 1244 764 1460 819; x_wconf 78' lang='lat' dir='ltr'><strong>persuasit.</strong></span> <span class='ocrx_word' id='word_1_68' title='bbox 1528 765 1696 807; x_wconf 79' lang='lat' dir='ltr'><strong>Christo</strong></span> 
     </span>
    </p>
   </div>
   <div class='ocr_carea' id='block_1_7' title="bbox 273 834 1697 895">
    <p class='ocr_par' dir='ltr' id='par_1_7' title="bbox 273 834 1697 895">
     <span class='ocr_line' id='line_1_11' title="bbox 273 834 1697 895; baseline 0.007 -21"><span class='ocrx_word' id='word_1_69' title='bbox 273 834 413 891; x_wconf 85' lang='lat' dir='ltr'><strong>itaque</strong></span> <span class='ocrx_word' id='word_1_70' title='bbox 444 849 492 877; x_wconf 88' lang='lat' dir='ltr'><strong>ut</strong></span> <span class='ocrx_word' id='word_1_71' title='bbox 521 838 698 895; x_wconf 86' lang='lat' dir='ltr'><strong>reliquis</strong></span> <span class='ocrx_word' id='word_1_72' title='bbox 724 839 968 880; x_wconf 81' lang='lat' dir='ltr'><strong>hominibus</strong></span> <span class='ocrx_word' id='word_1_73' title='bbox 989 840 1230 895; x_wconf 80' lang='lat' dir='ltr'><strong>applicabat</strong></span> <span class='ocrx_word' id='word_1_74' title='bbox 1254 840 1414 881; x_wconf 80' lang='lat' dir='ltr'><strong>dictum</strong></span> <span class='ocrx_word' id='word_1_75' title='bbox 1430 842 1555 883; x_wconf 83' lang='lat' dir='ltr'><strong>Jobi:</strong></span> <span class='ocrx_word' id='word_1_76' title='bbox 1586 845 1697 893; x_wconf 85' lang='lat' dir='ltr'><strong>„Ne-</strong></span> 
     </span>
    </p>
   </div>
   <div class='ocr_carea' id='block_1_8' title="bbox 273 913 1759 975">
    <p class='ocr_par' dir='ltr' id='par_1_8' title="bbox 273 913 1759 975">
     <span class='ocr_line' id='line_1_12' title="bbox 273 913 1759 975; baseline 0.007 -24"><span class='ocrx_word' id='word_1_77' title='bbox 273 913 429 954; x_wconf 81' lang='lat' dir='ltr'><strong>minem</strong></span> <span class='ocrx_word' id='word_1_78' title='bbox 449 916 489 971; x_wconf 88' lang='lat'><strong>¹)</strong></span> <span class='ocrx_word' id='word_1_79' title='bbox 521 932 609 957; x_wconf 86' lang='lat' dir='ltr'><strong>esse</strong></span> <span class='ocrx_word' id='word_1_80' title='bbox 641 920 847 959; x_wconf 89' lang='lat' dir='ltr'><strong>mundum</strong></span> <span class='ocrx_word' id='word_1_81' title='bbox 879 935 900 958; x_wconf 91' lang='lat' dir='ltr'><strong>a</strong></span> <span class='ocrx_word' id='word_1_82' title='bbox 931 919 1074 959; x_wconf 89' lang='lat' dir='ltr'><strong>sorde:</strong></span> <span class='ocrx_word' id='word_1_83' title='bbox 1106 934 1157 958; x_wconf 90' lang='lat' dir='ltr'><strong>ne</strong></span> <span class='ocrx_word' id='word_1_84' title='bbox 1189 918 1223 959; x_wconf 88' lang='lat' dir='ltr'><strong>si</strong></span> <span class='ocrx_word' id='word_1_85' title='bbox 1253 919 1376 959; x_wconf 89' lang='lat' dir='ltr'><strong>unius</strong></span> <span class='ocrx_word' id='word_1_86' title='bbox 1410 920 1579 975; x_wconf 79' lang='lat' dir='ltr'><strong>quidem</strong></span> <span class='ocrx_word' id='word_1_87' title='bbox 1613 921 1695 960; x_wconf 82' lang='lat' dir='ltr'><strong>diei</strong></span> <span class='ocrx_word' id='word_1_88' title='bbox 1755 932 1759 947; x_wconf 73' lang='lat'>⁸</span> 
     </span>
    </p>
   </div>
   <div class='ocr_carea' id='block_1_9' title="bbox 271 990 1696 1128">
    <p class='ocr_par' dir='ltr' id='par_1_9' title="bbox 271 990 1696 1128">
     <span class='ocr_line' id='line_1_13' title="bbox 272 990 1696 1051; baseline 0.006 -22"><span class='ocrx_word' id='word_1_89' title='bbox 272 990 402 1031; x_wconf 85' lang='lat' dir='ltr'><strong>suerit</strong></span> <span class='ocrx_word' id='word_1_90' title='bbox 434 993 515 1035; x_wconf 87' lang='lat' dir='ltr'><strong>vita</strong></span> <span class='ocrx_word' id='word_1_91' title='bbox 548 993 677 1051; x_wconf 83' lang='lat' dir='ltr'><strong>ejus.“</strong></span> <span class='ocrx_word' id='word_1_92' title='bbox 738 996 896 1037; x_wconf 86' lang='lat' dir='ltr'><strong>Sordes</strong></span> <span class='ocrx_word' id='word_1_93' title='bbox 935 1008 1075 1036; x_wconf 88' lang='lat' dir='ltr'><strong>autem</strong></span> <span class='ocrx_word' id='word_1_94' title='bbox 1115 1012 1135 1036; x_wconf 91' lang='lat' dir='ltr'><strong>a</strong></span> <span class='ocrx_word' id='word_1_95' title='bbox 1178 1007 1355 1051; x_wconf 90' lang='lat' dir='ltr'><strong>peccato</strong></span> <span class='ocrx_word' id='word_1_96' title='bbox 1395 996 1462 1037; x_wconf 86' lang='lat' dir='ltr'><strong>hic</strong></span> <span class='ocrx_word' id='word_1_97' title='bbox 1495 998 1696 1047; x_wconf 80' lang='lat' dir='ltr'><strong>distinxit,</strong></span> 
     </span>
     <span class='ocr_line' id='line_1_14' title="bbox 271 1071 1696 1128; baseline 0.007 -22"><span class='ocrx_word' id='word_1_98' title='bbox 271 1078 396 1123; x_wconf 85' lang='lat' dir='ltr'><strong>atque</strong></span> <span class='ocrx_word' id='word_1_99' title='bbox 426 1071 669 1112; x_wconf 85' lang='lat' dir='ltr'><strong>sordescere</strong></span> <span class='ocrx_word' id='word_1_100' title='bbox 701 1072 882 1113; x_wconf 84' lang='lat' dir='ltr'><strong>animam</strong></span> <span class='ocrx_word' id='word_1_101' title='bbox 915 1073 1093 1128; x_wconf 76' lang='lat' dir='ltr'><strong>putavit,</strong></span> <span class='ocrx_word' id='word_1_102' title='bbox 1129 1090 1223 1113; x_wconf 86' lang='lat' dir='ltr'><strong>cum</strong></span> <span class='ocrx_word' id='word_1_103' title='bbox 1255 1074 1435 1114; x_wconf 80' lang='lat' dir='ltr'><strong>mortale</strong></span> <span class='ocrx_word' id='word_1_104' title='bbox 1465 1075 1577 1115; x_wconf 89' lang='lat' dir='ltr'><strong>subit</strong></span> <span class='ocrx_word' id='word_1_105' title='bbox 1604 1092 1696 1116; x_wconf 87' lang='lat' dir='ltr'><strong>cor-</strong></span> 
     </span>
    </p>
   </div>
   <div class='ocr_carea' id='block_1_10' title="bbox 269 1147 1694 1207">
    <p class='ocr_par' dir='ltr' id='par_1_10' title="bbox 269 1147 1694 1207">
     <span class='ocr_line' id='line_1_15' title="bbox 269 1147 1694 1207; baseline 0.006 -23"><span class='ocrx_word' id='word_1_106' title='bbox 269 1161 347 1200; x_wconf 90' lang='lat' dir='ltr'><strong>pus</strong></span> <span class='ocrx_word' id='word_1_107' title='bbox 380 1162 400 1186; x_wconf 90' lang='lat' dir='ltr'><strong>e</strong></span> <span class='ocrx_word' id='word_1_108' title='bbox 435 1147 508 1188; x_wconf 87' lang='lat' dir='ltr'><strong>vili</strong></span> <span class='ocrx_word' id='word_1_109' title='bbox 540 1161 580 1189; x_wconf 91' lang='lat' dir='ltr'><strong>et</strong></span> <span class='ocrx_word' id='word_1_110' title='bbox 610 1149 781 1190; x_wconf 84' lang='lat' dir='ltr'><strong>sordida</strong></span> <span class='ocrx_word' id='word_1_111' title='bbox 813 1161 1059 1190; x_wconf 82' lang='lat' dir='ltr'><strong>concretum</strong></span> <span class='ocrx_word' id='word_1_112' title='bbox 1089 1150 1286 1203; x_wconf 79' lang='lat' dir='ltr'><strong>materia3</strong></span> <span class='ocrx_word' id='word_1_113' title='bbox 1317 1166 1364 1191; x_wconf 89' lang='lat' dir='ltr'><strong>ac</strong></span> <span class='ocrx_word' id='word_1_114' title='bbox 1393 1167 1481 1192; x_wconf 87' lang='lat' dir='ltr'><strong>sese</strong></span> <span class='ocrx_word' id='word_1_115' title='bbox 1512 1152 1694 1207; x_wconf 81' lang='lat' dir='ltr'><strong>proinde</strong></span> 
     </span>
    </p>
   </div>
   <div class='ocr_carea' id='block_1_11' title="bbox 269 1221 1759 1283">
    <p class='ocr_par' dir='ltr' id='par_1_11' title="bbox 269 1221 1759 1283">
     <span class='ocr_line' id='line_1_16' title="bbox 269 1221 1759 1283; baseline 0.006 -22"><span class='ocrx_word' id='word_1_116' title='bbox 269 1221 507 1278; x_wconf 82' lang='lat' dir='ltr'><strong>inquinasse</strong></span> <span class='ocrx_word' id='word_1_117' title='bbox 540 1226 695 1268; x_wconf 85' lang='lat' dir='ltr'><strong>Christi</strong></span> <span class='ocrx_word' id='word_1_118' title='bbox 724 1227 919 1277; x_wconf 87' lang='lat' dir='ltr'><strong>animam,</strong></span> <span class='ocrx_word' id='word_1_119' title='bbox 952 1244 1047 1267; x_wconf 90' lang='lat' dir='ltr'><strong>cum</strong></span> <span class='ocrx_word' id='word_1_120' title='bbox 1079 1244 1233 1283; x_wconf 84' lang='lat' dir='ltr'><strong>corpus</strong></span> <span class='ocrx_word' id='word_1_121' title='bbox 1263 1228 1306 1268; x_wconf 85' lang='lat' dir='ltr'><strong>in</strong></span> <span class='ocrx_word' id='word_1_122' title='bbox 1337 1228 1556 1270; x_wconf 86' lang='lat' dir='ltr'><strong>muliebris</strong></span> <span class='ocrx_word' id='word_1_123' title='bbox 1586 1230 1697 1270; x_wconf 83' lang='lat' dir='ltr'><strong>uteri</strong></span> <span class='ocrx_word' id='word_1_124' title='bbox 1748 1257 1759 1270; x_wconf 85' lang='lat'>.</span> 
     </span>
    </p>
   </div>
   <div class='ocr_carea' id='block_1_12' title="bbox 265 1301 1698 2518">
    <p class='ocr_par' dir='ltr' id='par_1_12' title="bbox 269 1301 1698 1822">
     <span class='ocr_line' id='line_1_17' title="bbox 272 1301 1694 1360; baseline 0.007 -21"><span class='ocrx_word' id='word_1_125' title='bbox 272 1301 470 1352; x_wconf 87' lang='lat' dir='ltr'><strong>angustiis</strong></span> <span class='ocrx_word' id='word_1_126' title='bbox 502 1303 753 1344; x_wconf 83' lang='lat' dir='ltr'><strong>delitescens</strong></span> <span class='ocrx_word' id='word_1_127' title='bbox 783 1304 864 1344; x_wconf 85' lang='lat' dir='ltr'><strong>sibi</strong></span> <span class='ocrx_word' id='word_1_128' title='bbox 896 1304 1096 1360; x_wconf 79' lang='lat' dir='ltr'><strong>adjunxit.</strong></span> <span class='ocrx_word' id='word_1_129' title='bbox 1157 1305 1228 1346; x_wconf 83' lang='lat' dir='ltr'><strong>Sic</strong></span> <span class='ocrx_word' id='word_1_130' title='bbox 1259 1304 1332 1344; x_wconf 76' lang='lat' dir='ltr'><strong>ille.</strong></span> <span class='ocrx_word' id='word_1_131' title='bbox 1362 1305 1405 1345; x_wconf 90' lang='lat' dir='ltr'><strong>in</strong></span> <span class='ocrx_word' id='word_1_132' title='bbox 1438 1307 1584 1346; x_wconf 82' lang='lat' dir='ltr'><strong>eadem</strong></span> <span class='ocrx_word' id='word_1_133' title='bbox 1605 1307 1694 1348; x_wconf 87' lang='lat' dir='ltr'><strong>Ho-</strong></span> 
     </span>
     <span class='ocr_line' id='line_1_18' title="bbox 269 1375 1695 1437; baseline 0.007 -22"><span class='ocrx_word' id='word_1_134' title='bbox 269 1375 408 1418; x_wconf 75' lang='lat' dir='ltr'><strong>milia:</strong></span> <span class='ocrx_word' id='word_1_135' title='bbox 446 1378 576 1422; x_wconf 75' lang='lat' dir='ltr'><strong>Unde</strong></span> <span class='ocrx_word' id='word_1_136' title='bbox 606 1388 651 1421; x_wconf 91' lang='lat' dir='ltr'><strong>et</strong></span> <span class='ocrx_word' id='word_1_137' title='bbox 681 1380 902 1423; x_wconf 77' lang='lat' dir='ltr'><strong>Salvator</strong></span> <span class='ocrx_word' id='word_1_138' title='bbox 933 1381 1158 1437; x_wconf 79' lang='lat' dir='ltr'><strong>loquitar:</strong></span> <span class='ocrx_word' id='word_1_139' title='bbox 1198 1381 1315 1434; x_wconf 86' lang='lat' dir='ltr'><strong>„Ego</strong></span> <span class='ocrx_word' id='word_1_140' title='bbox 1331 1382 1373 1436; x_wconf 79' lang='grc'><strong>2)</strong></span> <span class='ocrx_word' id='word_1_141' title='bbox 1405 1399 1497 1422; x_wconf 88' lang='lat' dir='ltr'><strong>sum</strong></span> <span class='ocrx_word' id='word_1_142' title='bbox 1529 1386 1695 1434; x_wconf 79' lang='lat' dir='ltr'><strong>vermis,</strong></span> 
     </span>
     <span class='ocr_line' id='line_1_19' title="bbox 272 1456 1698 1516; baseline 0.006 -23"><span class='ocrx_word' id='word_1_143' title='bbox 272 1465 312 1494; x_wconf 92' lang='lat' dir='ltr'><strong>et</strong></span> <span class='ocrx_word' id='word_1_144' title='bbox 338 1471 425 1495; x_wconf 90' lang='lat' dir='ltr'><strong>non</strong></span> <span class='ocrx_word' id='word_1_145' title='bbox 456 1456 611 1508; x_wconf 86' lang='lat' dir='ltr'><strong>homo,</strong></span> <span class='ocrx_word' id='word_1_146' title='bbox 642 1459 926 1514; x_wconf 87' lang='lat' dir='ltr'><strong>opprobrium</strong></span> <span class='ocrx_word' id='word_1_147' title='bbox 957 1459 1202 1508; x_wconf 87' lang='lat' dir='ltr'><strong>hominum,</strong></span> <span class='ocrx_word' id='word_1_148' title='bbox 1234 1470 1275 1499; x_wconf 87' lang='lat' dir='ltr'><strong>et</strong></span> <span class='ocrx_word' id='word_1_149' title='bbox 1306 1458 1487 1516; x_wconf 73' lang='lat' dir='ltr'><strong>abJectio</strong></span> <span class='ocrx_word' id='word_1_150' title='bbox 1518 1460 1698 1516; x_wconf 86' lang='lat' dir='ltr'><strong>plebis.“</strong></span> 
     </span>
     <span class='ocr_line' id='line_1_20' title="bbox 284 1529 1694 1592; baseline 0.006 -20"><span class='ocrx_word' id='word_1_151' title='bbox 284 1529 471 1575; x_wconf 77' lang='lat' dir='ltr'><strong>Videbat</strong></span> <span class='ocrx_word' id='word_1_152' title='bbox 500 1536 549 1575; x_wconf 79' lang='lat' dir='ltr'><strong>in</strong></span> <span class='ocrx_word' id='word_1_153' title='bbox 581 1538 749 1577; x_wconf 83' lang='lat' dir='ltr'><strong>matris</strong></span> <span class='ocrx_word' id='word_1_154' title='bbox 787 1543 920 1578; x_wconf 83' lang='lat' dir='ltr'><strong>utero</strong></span> <span class='ocrx_word' id='word_1_155' title='bbox 959 1533 1302 1577; x_wconf 65' lang='lat' dir='ltr'><strong>immunditiam</strong></span> <span class='ocrx_word' id='word_1_156' title='bbox 1335 1549 1575 1592; x_wconf 77' lang='lat' dir='ltr'><strong>corporum</strong></span> <span class='ocrx_word' id='word_1_157' title='bbox 1590 1572 1600 1590; x_wconf 94' lang='lat'>‚</span> <span class='ocrx_word' id='word_1_158' title='bbox 1632 1543 1694 1581; x_wconf 76' lang='lat' dir='ltr'><strong>ri-</strong></span> 
     </span>
     <span class='ocr_line' id='line_1_21' title="bbox 269 1607 1690 1673; baseline 0.008 -25"><span class='ocrx_word' id='word_1_159' title='bbox 269 1607 470 1652; x_wconf 80' lang='lat' dir='ltr'><strong>sceribzcs</strong></span> <span class='ocrx_word' id='word_1_160' title='bbox 500 1613 597 1668; x_wconf 83' lang='lat' dir='ltr'><strong>ejus</strong></span> <span class='ocrx_word' id='word_1_161' title='bbox 629 1613 734 1655; x_wconf 72' lang='lat' dir='ltr'><em>ln‘nc</em></span> <span class='ocrx_word' id='word_1_162' title='bbox 764 1613 870 1656; x_wconf 75' lang='lat' dir='ltr'><strong>iude</strong></span> <span class='ocrx_word' id='word_1_163' title='bbox 909 1613 1135 1665; x_wconf 77' lang='lat' dir='ltr'><strong>vallatus,</strong></span> <span class='ocrx_word' id='word_1_164' title='bbox 1177 1620 1395 1655; x_wconf 78' lang='lat' dir='ltr'><strong>terrenae</strong></span> <span class='ocrx_word' id='word_1_165' title='bbox 1412 1614 1572 1669; x_wconf 82' lang='lat' dir='ltr'><strong>faecis</strong></span> <span class='ocrx_word' id='word_1_166' title='bbox 1595 1630 1690 1673; x_wconf 80' lang='lat' dir='ltr'><strong>pa-</strong></span> 
     </span>
     <span class='ocr_line' id='line_1_22' title="bbox 270 1687 1690 1746; baseline 0.007 -20"><span class='ocrx_word' id='word_1_167' title='bbox 270 1687 479 1729; x_wconf 80' lang='lat' dir='ltr'><strong>tiebatur</strong></span> <span class='ocrx_word' id='word_1_168' title='bbox 508 1693 770 1746; x_wconf 75' lang='lat' dir='ltr'><strong>angustias.</strong></span> <span class='ocrx_word' id='word_1_169' title='bbox 838 1689 968 1735; x_wconf 82' lang='lat' dir='ltr'><strong>Unde</strong></span> <span class='ocrx_word' id='word_1_170' title='bbox 999 1690 1228 1733; x_wconf 73' lang='lat' dir='ltr'><strong>assimilat</strong></span> <span class='ocrx_word' id='word_1_171' title='bbox 1257 1703 1303 1733; x_wconf 81' lang='lat' dir='ltr'><strong>se</strong></span> <span class='ocrx_word' id='word_1_172' title='bbox 1332 1695 1498 1742; x_wconf 77' lang='lat' dir='ltr'><strong>vermi,</strong></span> <span class='ocrx_word' id='word_1_173' title='bbox 1538 1700 1583 1734; x_wconf 83' lang='lat' dir='ltr'><strong>et</strong></span> <span class='ocrx_word' id='word_1_174' title='bbox 1624 1693 1690 1736; x_wconf 84' lang='lat' dir='ltr'><strong>di-</strong></span> 
     </span>
     <span class='ocr_line' id='line_1_23' title="bbox 271 1764 1281 1822; baseline 0.005 -19"><span class='ocrx_word' id='word_1_175' title='bbox 271 1764 353 1805; x_wconf 84' lang='lat' dir='ltr'><strong>cit:</strong></span> <span class='ocrx_word' id='word_1_176' title='bbox 386 1765 505 1817; x_wconf 79' lang='lat' dir='ltr'><strong>„Ego</strong></span> <span class='ocrx_word' id='word_1_177' title='bbox 523 1768 563 1822; x_wconf 82' lang='lat'><strong>3)</strong></span> <span class='ocrx_word' id='word_1_178' title='bbox 594 1784 686 1809; x_wconf 86' lang='lat' dir='ltr'><strong>sum</strong></span> <span class='ocrx_word' id='word_1_179' title='bbox 721 1769 887 1821; x_wconf 86' lang='lat' dir='ltr'><strong>vermis,</strong></span> <span class='ocrx_word' id='word_1_180' title='bbox 920 1780 960 1809; x_wconf 88' lang='lat' dir='ltr'><strong>et</strong></span> <span class='ocrx_word' id='word_1_181' title='bbox 990 1785 1076 1809; x_wconf 89' lang='lat' dir='ltr'><strong>non</strong></span> <span class='ocrx_word' id='word_1_182' title='bbox 1108 1769 1281 1810; x_wconf 87' lang='lat' dir='ltr'><strong>hom0.“</strong></span> 
     </span>
    </p>

    <p class='ocr_par' dir='ltr' id='par_1_13' title="bbox 265 1838 1695 2518">
     <span class='ocr_line' id='line_1_24' title="bbox 385 1838 1691 1904; baseline 0.007 -22"><span class='ocrx_word' id='word_1_183' title='bbox 385 1846 440 1882; x_wconf 89' lang='lat' dir='ltr'><strong>At</strong></span> <span class='ocrx_word' id='word_1_184' title='bbox 480 1838 768 1887; x_wconf 79' lang='lat' dir='ltr'><strong>Tertullianus</strong></span> <span class='ocrx_word' id='word_1_185' title='bbox 806 1847 917 1888; x_wconf 89' lang='lat' dir='ltr'><strong>libro</strong></span> <span class='ocrx_word' id='word_1_186' title='bbox 960 1847 1011 1887; x_wconf 91' lang='lat' dir='ltr'><strong>de</strong></span> <span class='ocrx_word' id='word_1_187' title='bbox 1053 1863 1174 1888; x_wconf 87' lang='lat' dir='ltr'><strong>carne</strong></span> <span class='ocrx_word' id='word_1_188' title='bbox 1215 1846 1393 1899; x_wconf 86' lang='lat' dir='ltr'><strong>Christi,</strong></span> <span class='ocrx_word' id='word_1_189' title='bbox 1439 1864 1527 1904; x_wconf 90' lang='lat' dir='ltr'><strong>cap.</strong></span> <span class='ocrx_word' id='word_1_190' title='bbox 1557 1849 1620 1899; x_wconf 83' lang='grc'><strong>4.,</strong></span> <span class='ocrx_word' id='word_1_191' title='bbox 1651 1862 1691 1890; x_wconf 89' lang='lat' dir='ltr'><strong>et</strong></span> 
     </span>
     <span class='ocr_line' id='line_1_25' title="bbox 270 1916 1692 1980; baseline 0.008 -24"><span class='ocrx_word' id='word_1_192' title='bbox 270 1916 364 1960; x_wconf 87' lang='lat' dir='ltr'><strong>libr.</strong></span> <span class='ocrx_word' id='word_1_193' title='bbox 395 1919 434 1963; x_wconf 87' lang='lat'><strong>3.</strong></span> <span class='ocrx_word' id='word_1_194' title='bbox 467 1934 612 1963; x_wconf 84' lang='lat' dir='ltr'><strong>contra</strong></span> <span class='ocrx_word' id='word_1_195' title='bbox 645 1924 852 1971; x_wconf 79' lang='lat' dir='ltr'><strong>Marcion,</strong></span> <span class='ocrx_word' id='word_1_196' title='bbox 895 1941 985 1980; x_wconf 86' lang='lat' dir='ltr'><strong>cap.</strong></span> <span class='ocrx_word' id='word_1_197' title='bbox 1018 1924 1082 1966; x_wconf 89' lang='lat'><strong>11.</strong></span> <span class='ocrx_word' id='word_1_198' title='bbox 1133 1925 1185 1964; x_wconf 91' lang='lat' dir='ltr'><strong>de</strong></span> <span class='ocrx_word' id='word_1_199' title='bbox 1225 1924 1405 1964; x_wconf 85' lang='lat' dir='ltr'><strong>Domini</strong></span> <span class='ocrx_word' id='word_1_200' title='bbox 1434 1925 1567 1965; x_wconf 87' lang='lat' dir='ltr'><strong>nostri</strong></span> <span class='ocrx_word' id='word_1_201' title='bbox 1600 1943 1692 1967; x_wconf 90' lang='lat' dir='ltr'><strong>cor-</strong></span> 
     </span>
     <span class='ocr_line' id='line_1_26' title="bbox 267 1996 1693 2058; baseline 0.008 -24"><span class='ocrx_word' id='word_1_202' title='bbox 267 1996 492 2049; x_wconf 85' lang='lat' dir='ltr'><strong>poratione</strong></span> <span class='ocrx_word' id='word_1_203' title='bbox 536 2016 681 2052; x_wconf 82' lang='lat' dir='ltr'><strong>agens,</strong></span> <span class='ocrx_word' id='word_1_204' title='bbox 728 2001 875 2058; x_wconf 87' lang='lat' dir='ltr'><strong>pejora</strong></span> <span class='ocrx_word' id='word_1_205' title='bbox 922 2001 1047 2042; x_wconf 81' lang='lat' dir='ltr'><strong>etiam</strong></span> <span class='ocrx_word' id='word_1_206' title='bbox 1088 2001 1340 2048; x_wconf 80' lang='lat' dir='ltr'><strong>deblaterat,</strong></span> <span class='ocrx_word' id='word_1_207' title='bbox 1385 2017 1480 2041; x_wconf 88' lang='lat' dir='ltr'><strong>nam</strong></span> <span class='ocrx_word' id='word_1_208' title='bbox 1525 2016 1693 2057; x_wconf 84' lang='lat' dir='ltr'><strong>praeter</strong></span> 
     </span>
     <span class='ocr_line' id='line_1_27' title="bbox 265 2075 1695 2131; baseline 0.008 -20"><span class='ocrx_word' id='word_1_209' title='bbox 265 2075 514 2126; x_wconf 75' lang='lat' dir='ltr'><strong>spurcitias</strong></span> <span class='ocrx_word' id='word_1_210' title='bbox 541 2077 823 2131; x_wconf 74' lang='lat' dir='ltr'><strong>genitalium</strong></span> <span class='ocrx_word' id='word_1_211' title='bbox 862 2079 911 2118; x_wconf 83' lang='lat' dir='ltr'><strong>in</strong></span> <span class='ocrx_word' id='word_1_212' title='bbox 940 2085 1073 2119; x_wconf 79' lang='lat' dir='ltr'><strong>utero</strong></span> <span class='ocrx_word' id='word_1_213' title='bbox 1103 2077 1451 2130; x_wconf 80' lang='lat' dir='ltr'><strong>elementorum,</strong></span> <span class='ocrx_word' id='word_1_214' title='bbox 1492 2078 1695 2123; x_wconf 70' lang='lat' dir='ltr'><strong>humoris</strong></span> 
     </span>
     <span class='ocr_line' id='line_1_28' title="bbox 269 2152 1691 2210; baseline 0.006 -20"><span class='ocrx_word' id='word_1_215' title='bbox 269 2156 314 2190; x_wconf 88' lang='lat' dir='ltr'><strong>et</strong></span> <span class='ocrx_word' id='word_1_216' title='bbox 343 2153 613 2207; x_wconf 75' lang='lat' dir='ltr'><strong>sanguinis,</strong></span> <span class='ocrx_word' id='word_1_217' title='bbox 640 2152 795 2207; x_wconf 86' lang='lat' dir='ltr'><strong>foeda</strong></span> <span class='ocrx_word' id='word_1_218' title='bbox 834 2154 1038 2210; x_wconf 78' lang='lat' dir='ltr'><strong>coagula</strong></span> <span class='ocrx_word' id='word_1_219' title='bbox 1078 2156 1234 2195; x_wconf 80' lang='lat' dir='ltr'><strong>carnis</strong></span> <span class='ocrx_word' id='word_1_220' title='bbox 1272 2166 1334 2196; x_wconf 74' lang='lat' dir='ltr'><strong>ex</strong></span> <span class='ocrx_word' id='word_1_221' title='bbox 1370 2153 1525 2196; x_wconf 83' lang='lat' dir='ltr'><strong>eodem</strong></span> <span class='ocrx_word' id='word_1_222' title='bbox 1557 2171 1691 2199; x_wconf 79' lang='lat' dir='ltr'><strong>coeno</strong></span> 
     </span>
     <span class='ocr_line' id='line_1_29' title="bbox 270 2225 1694 2286; baseline 0.006 -19"><span class='ocrx_word' id='word_1_223' title='bbox 270 2225 469 2269; x_wconf 80' lang='lat' dir='ltr'><strong>alendae</strong></span> <span class='ocrx_word' id='word_1_224' title='bbox 502 2241 591 2284; x_wconf 80' lang='lat' dir='ltr'><strong>per</strong></span> <span class='ocrx_word' id='word_1_225' title='bbox 629 2242 787 2272; x_wconf 75' lang='lat' dir='ltr'><strong>novem</strong></span> <span class='ocrx_word' id='word_1_226' title='bbox 829 2242 1024 2281; x_wconf 77' lang='lat' dir='ltr'><strong>menses,</strong></span> <span class='ocrx_word' id='word_1_227' title='bbox 1055 2236 1226 2285; x_wconf 80' lang='lat' dir='ltr'><strong>partus</strong></span> <span class='ocrx_word' id='word_1_228' title='bbox 1254 2242 1424 2286; x_wconf 80' lang='lat' dir='ltr'><strong>qaoque</strong></span> <span class='ocrx_word' id='word_1_229' title='bbox 1454 2234 1694 2277; x_wconf 68' lang='lat' dir='ltr'><strong>itmnzmda</strong></span> 
     </span>
     <span class='ocr_line' id='line_1_30' title="bbox 270 2303 1689 2366; baseline 0.006 -22"><span class='ocrx_word' id='word_1_230' title='bbox 270 2310 315 2345; x_wconf 85' lang='lat' dir='ltr'><strong>et</strong></span> <span class='ocrx_word' id='word_1_231' title='bbox 338 2303 561 2360; x_wconf 80' lang='lat' dir='ltr'><strong>pudenda</strong></span> <span class='ocrx_word' id='word_1_232' title='bbox 593 2313 842 2357; x_wconf 81' lang='lat' dir='ltr'><strong>tormenta,</strong></span> <span class='ocrx_word' id='word_1_233' title='bbox 874 2315 920 2348; x_wconf 86' lang='lat' dir='ltr'><strong>et</strong></span> <span class='ocrx_word' id='word_1_234' title='bbox 950 2309 1089 2362; x_wconf 80' lang='lat' dir='ltr'><strong>ipsias</strong></span> <span class='ocrx_word' id='word_1_235' title='bbox 1112 2304 1281 2348; x_wconf 77' lang='lat' dir='ltr'><strong>exinde</strong></span> <span class='ocrx_word' id='word_1_236' title='bbox 1294 2312 1536 2364; x_wconf 77' lang='lat' dir='ltr'><strong>puerperii</strong></span> <span class='ocrx_word' id='word_1_237' title='bbox 1560 2324 1689 2366; x_wconf 79' lang='lat' dir='ltr'><strong>spur-</strong></span> 
     </span>
     <span class='ocr_line' id='line_1_31' title="bbox 271 2382 1689 2440; baseline 0.005 -18"><span class='ocrx_word' id='word_1_238' title='bbox 271 2394 356 2432; x_wconf 73' lang='lat' dir='ltr'><strong>cos,</strong></span> <span class='ocrx_word' id='word_1_239' title='bbox 387 2386 569 2438; x_wconf 69' lang='lat' dir='ltr'><strong>anxios,</strong></span> <span class='ocrx_word' id='word_1_240' title='bbox 601 2382 800 2426; x_wconf 82' lang='lat' dir='ltr'><strong>ludicros</strong></span> <span class='ocrx_word' id='word_1_241' title='bbox 830 2386 985 2426; x_wconf 71' lang='lat' dir='ltr'><strong>exitus</strong></span> <span class='ocrx_word' id='word_1_242' title='bbox 1021 2382 1177 2439; x_wconf 75' lang='lat' dir='ltr'><strong>fingit.</strong></span> <span class='ocrx_word' id='word_1_243' title='bbox 1253 2385 1376 2440; x_wconf 82' lang='lat' dir='ltr'><strong>Quae</strong></span> <span class='ocrx_word' id='word_1_244' title='bbox 1416 2389 1467 2427; x_wconf 86' lang='lat' dir='ltr'><strong>ab</strong></span> <span class='ocrx_word' id='word_1_245' title='bbox 1499 2388 1689 2429; x_wconf 78' lang='lat' dir='ltr'><strong>Haereti-</strong></span> 
     </span>
     <span class='ocr_line' id='line_1_32' title="bbox 273 2459 1691 2518; baseline 0.006 -19"><span class='ocrx_word' id='word_1_246' title='bbox 273 2459 328 2499; x_wconf 86' lang='lat' dir='ltr'><strong>cis</strong></span> <span class='ocrx_word' id='word_1_247' title='bbox 363 2459 528 2516; x_wconf 85' lang='lat' dir='ltr'><strong>objecta</strong></span> <span class='ocrx_word' id='word_1_248' title='bbox 558 2460 803 2516; x_wconf 83' lang='lat' dir='ltr'><strong>neutiquam</strong></span> <span class='ocrx_word' id='word_1_249' title='bbox 841 2461 932 2517; x_wconf 88' lang='lat' dir='ltr'><strong>ipse</strong></span> <span class='ocrx_word' id='word_1_250' title='bbox 969 2461 1250 2514; x_wconf 82' lang='lat' dir='ltr'><strong>diffitebatur,</strong></span> <span class='ocrx_word' id='word_1_251' title='bbox 1291 2464 1363 2504; x_wconf 86' lang='lat' dir='ltr'><strong>sed</strong></span> <span class='ocrx_word' id='word_1_252' title='bbox 1396 2464 1491 2504; x_wconf 90' lang='lat' dir='ltr'><strong>Deo</strong></span> <span class='ocrx_word' id='word_1_253' title='bbox 1523 2465 1691 2518; x_wconf 84' lang='lat' dir='ltr'><strong>indigna</strong></span> 
     </span>
    </p>
   </div>
   <div class='ocr_carea' id='block_1_13' title="bbox 272 2538 1088 2590">
    <p class='ocr_par' dir='ltr' id='par_1_14' title="bbox 272 2538 1088 2590">
     <span class='ocr_line' id='line_1_33' title="bbox 272 2538 1088 2590; baseline 0.004 -14"><span class='ocrx_word' id='word_1_254' title='bbox 272 2553 357 2577; x_wconf 89' lang='lat' dir='ltr'><strong>esse</strong></span> <span class='ocrx_word' id='word_1_255' title='bbox 387 2540 576 2590; x_wconf 87' lang='lat' dir='ltr'><strong>negabat,</strong></span> <span class='ocrx_word' id='word_1_256' title='bbox 609 2550 753 2579; x_wconf 88' lang='lat' dir='ltr'><strong>contra</strong></span> <span class='ocrx_word' id='word_1_257' title='bbox 784 2538 1088 2580; x_wconf 78' lang='lat' dir='ltr'><strong>Marcionistas.</strong></span> 
     </span>
    </p>
   </div>
   <div class='ocr_carea' id='block_1_14' title="bbox 387 2707 1047 2905">
    <p class='ocr_par' dir='ltr' id='par_1_15' title="bbox 387 2707 1047 2905">
     <span class='ocr_line' id='line_1_34' title="bbox 392 2707 973 2761; baseline 0.002 -13"><span class='ocrx_word' id='word_1_258' title='bbox 392 2707 431 2761; x_wconf 84' lang='lat'><strong>¹)</strong></span> <span class='ocrx_word' id='word_1_259' title='bbox 465 2707 548 2748; x_wconf 82' lang='lat' dir='ltr'><strong>Cfr.</strong></span> <span class='ocrx_word' id='word_1_260' title='bbox 583 2710 679 2749; x_wconf 85' lang='lat' dir='ltr'><strong>Job.</strong></span> <span class='ocrx_word' id='word_1_261' title='bbox 711 2709 827 2759; x_wconf 78' lang='lat' dir='ltr'><strong>XIV,</strong></span> <span class='ocrx_word' id='word_1_262' title='bbox 859 2709 895 2751; x_wconf 72' lang='grc'><strong>4.</strong></span> <span class='ocrx_word' id='word_1_263' title='bbox 934 2709 973 2750; x_wconf 85' lang='grc'><strong>5.</strong></span> 
     </span>
     <span class='ocr_line' id='line_1_35' title="bbox 387 2777 1047 2833; baseline 0.003 -17"><span class='ocrx_word' id='word_1_264' title='bbox 387 2777 429 2831; x_wconf 80' lang='lat'><strong>²)</strong></span> <span class='ocrx_word' id='word_1_265' title='bbox 461 2777 614 2818; x_wconf 83' lang='lat' dir='ltr'><strong>Psalm.</strong></span> <span class='ocrx_word' id='word_1_266' title='bbox 646 2778 784 2828; x_wconf 82' lang='lat' dir='ltr'>XXH,</span> <span class='ocrx_word' id='word_1_267' title='bbox 816 2777 852 2821; x_wconf 83' lang='grc'><strong>6.</strong></span> <span class='ocrx_word' id='word_1_268' title='bbox 887 2778 1047 2833; x_wconf 86' lang='grc' dir='ltr'>(ΧΧΙ.)</span> 
     </span>
     <span class='ocr_line' id='line_1_36' title="bbox 387 2847 1045 2905; baseline 0.003 -18"><span class='ocrx_word' id='word_1_269' title='bbox 387 2847 431 2900; x_wconf 86' lang='lat'><strong>³)</strong></span> <span class='ocrx_word' id='word_1_270' title='bbox 463 2847 616 2891; x_wconf 81' lang='lat' dir='ltr'><strong>Psalm.</strong></span> <span class='ocrx_word' id='word_1_271' title='bbox 647 2849 786 2900; x_wconf 81' lang='lat' dir='ltr'>XXI!‚</span> <span class='ocrx_word' id='word_1_272' title='bbox 817 2848 854 2892; x_wconf 81' lang='grc'><strong>6.</strong></span> <span class='ocrx_word' id='word_1_273' title='bbox 888 2849 1045 2905; x_wconf 81' lang='lat' dir='ltr'>(XXI.)</span> 
     </span>
    </p>
   </div>
  </div>
 </body>
</html>
