1759 3125
455 130 844 171 ORIGENIANORUM
876 125 1017 166 LIBER
1038 127 1068 166 Ῐ.
1415 128 1470 172 99

39 257 132 292 ron,
163 242 342 283 Serenus
376 241 494 291 alter,
525 239 687 290 flemis,
717 250 759 280 et
788 236 1008 289 Basilides,
1039 238 1214 279 acerbos
1241 238 1459 291 cruciatus,

41 330 80 359 et.
110 330 291 359 mortem
323 318 503 374 denique
537 317 671 373 ipsam
714 315 868 359 Christi
906 314 1080 356 nomine
1117 315 1329 371 perpessi:
1374 317 1460 357 He-

38 395 168 435 raclas
192 395 230 450 ¹)
264 396 363 436 item
384 396 426 449 2)
459 394 675 435 Plutarchi
705 393 826 450 hujus
856 396 1007 442 frater,
1049 390 1242 445 Origenis
1273 392 1459 449 primum

39 471 290 526 discipulus,
321 483 411 511 tum
443 470 485 511 in
516 470 711 511 docendo
743 464 903 521 socius,
944 468 1098 510 deinde
1132 485 1371 520 successor,
1414 487 1463 511 ac

40 547 266 603 episcopus
297 548 468 588 demum
509 546 838 598 Alexandrinus;
880 545 1112 603 Dionysius
1131 545 1172 602 ³)
1214 548 1462 589 Alexandri—

36 639 111 664 nae
145 624 345 665 ecclesiae
385 637 484 681 post
522 624 725 665 Hcraclae
764 635 949 664 mortem
988 623 1179 673 antistes,
1221 624 1461 666 eruditione

38 711 77 740 et
105 701 269 756 scriptis
309 702 434 754 longe
474 700 793 753 celeberrimus;
834 699 1064 753 Gregorius
1089 699 1131 756 ⁴¹)
1173 699 1248 739 ille
1279 716 1301 741 a
1333 701 1459 742 mira—

34 777 183 817 raculis
216 795 450 831 cognomen
482 780 673 834 adeptus,
704 776 1070 819 Neocaesariensis
1103 776 1356 833 episcopus,
1388 778 1460 834 qui

34 852 276 909 aequalibus
326 856 407 896 suis
458 856 653 897 omnibus
694 855 922 906 Origenem
961 865 1094 894 aetate
1134 852 1216 910 jam
1257 855 1458 896 affectum

34 929 76 970 in
106 931 388 973 familiaritate
428 934 690 988 anteposuit;
732 932 1031 973 Athenodorus
1071 930 1269 983 Gregorii
1308 933 1458 984 frater3

35 1007 237 1064 Tryphon
281 1025 371 1049 rara
411 1009 654 1065 Scripturae
697 1008 848 1064 peritia
889 1008 1088 1058 illustris,
1132 1007 1251 1066 cujus
1283 1021 1323 1049 et
1352 1026 1458 1050 non-

32 1084 167 1124 nullas
206 1086 259 1125 ad
299 1085 527 1137 Origenem
567 1086 765 1141 epistolas
812 1086 894 1126 suis
944 1084 1207 1140 temporibus
1251 1086 1456 1127 exstitisse

32 1161 157 1201 tradit
174 1162 537 1220 Hie1·onymus;⁵)
566 1163 839 1204 Firmilianus
855 1163 896 1220 6)
920 1161 1197 1204 Caesariensis
1226 1162 1270 1203 in
1294 1163 1459 1220 Cappa-

21 1237 156 1297 'docia
186 1241 375 1293 praesul,
428 1239 602 1292 Origeni
639 1240 698 1281 sic
729 1240 918 1289 deditus,
965 1251 1013 1280 ut
1053 1239 1140 1295 ejus
1175 1240 1457 1282 conveniendi

35 1331 171 1355 caussa
202 1316 334 1371 patria
366 1317 513 1357 relicta
544 1317 718 1369 longum
759 1334 805 1357 ac
846 1317 1021 1357 difficile
1061 1317 1142 1356 iter
1173 1316 1458 1358 constitueret.

33 1393 359 1434 Annumeranda
386 1395 425 1450 ⁷)
458 1394 522 1434 his
556 1411 726 1450 quoque
756 1394 940 1434 Barbara
958 1392 1296 1435 Nicomediensis
1327 1392 1458 1446 virgo,

35 1484 182 1521 genere
211 1471 382 1521 nobilis,
415 1472 654 1512 eruditione
688 1472 820 1521 clara,
859 1472 911 1511 ab
951 1469 1137 1522 Origene
1166 1468 1350 1524 primum
1382 1486 1459 1526 per

33 1547 230 1601 epistolas
273 1559 314 1587 et
353 1547 623 1588 Valentinum
663 1549 957 1605 presbyterum
998 1548 1050 1587 ad
1082 1562 1173 1587 eam
1201 1546 1373 1587 missum
1406 1548 1458 1588 ab

34 1622 315 1664 Etbnicorum
347 1623 646 1678 superstitione
676 1635 885 1677 revocata,
917 1636 958 1665 et
977 1623 1134 1665 Christi
1156 1624 1364 1681 mysteriis
1394 1623 1450 1665 in-

156 1818 195 1873 ¹)
229 1819 314 1860 Cfr.
347 1820 502 1862 Euseb.
536 1819 643 1860 Hist.
676 1819 748 1860 lib.
781 1820 853 1861 VI.
888 1835 980 1874 cap.
1013 1819 1051 1862 3.

151 1888 192 1943 ²)
221 1888 300 1929 Ed.
332 1889 465 1929 Ruaei
494 1890 605 1930 sola:
637 1900 791 1930 autem.

149 1958 192 2012 3)
226 1958 312 1999 Cfr.
344 1959 499 2001 Euseb.
529 1959 638 2001 Hist.
671 1959 746 2000 lib.
779 1959 852 2001 VI,
885 1974 974 2014 cap.
1007 1957 1075 2001 29.

148 2027 190 2082 ⁴)
225 2029 312 2070 Cfr.
342 2029 499 2071 Euseh.
530 2029 638 2071 Hist.
670 2029 744 2071 lib.
776 2030 851 2073 VI.
883 2046 971 2084 cap.
1004 2028 1072 2073 30.

64 2155 89 2196 h
147 2100 189 2154 ⁵)
223 2098 309 2141 Cfr.
341 2099 597 2155 Hieronym.
628 2099 670 2140 in
702 2098 774 2139 lib.
816 2099 868 2139 de
899 2097 1044 2154 script.
1083 2099 1233 2142 eccles.
1273 2100 1317 2142 in
1348 2099 1456 2160 Try—

33 2171 60 2210 Ρ
94 2171 161 2196 ΟΠ.

147 2225 189 2280 ⁶)
222 2226 308 2268 Cfr.
340 2227 494 2267 Euseb.
525 2226 632 2267 Hist.
665 2227 738 2267 lib.
769 2228 841 2268 VI.
876 2242 964 2280 cap.
996 2225 1064 2268 26.
1095 2225 1160 2267 27.

147 2295 188 2349 ⁷)
222 2294 308 2336 Cur
337 2296 399 2336 his
430 2297 740 2336 annumeranda
769 2295 834 2346 sit,
864 2296 980 2336 nulla
1011 2295 1119 2336 ratio
1152 2306 1226 2336 est.
1257 2295 1325 2335 De
1350 2294 1453 2336 Bar-

32 2349 131 2389 bara
169 2350 325 2392 incerta
367 2355 524 2392 omnia.
583 2353 650 2392 De
694 2352 768 2392 illa
811 2351 923 2392 enim
962 2352 1096 2392 altum
1138 2352 1252 2407 apud
1293 2363 1454 2394 veteres

33 2404 264 2456 silentium,
314 2420 361 2450 ut
406 2409 561 2449 fatetur
600 2408 836 2449 Bollandus
885 2408 991 2466 Maji
1034 2409 1160 2450 Tom.
1190 2408 1222 2450 I.
1262 2424 1355 2463 pag.
1383 2409 1451 2452 26.

32 2460 205 2503 Mutuae
237 2464 433 2517 Origenis
464 2466 516 2506 ad
547 2465 791 2518 Barbam-am,
827 2477 868 2505 et.
897 2464 1106 2506 Barbarae
1138 2465 1191 2505 ad
1224 2465 1452 2517 Origenem

35 2517 237 2572 epistolae
277 2520 358 2575 jam
407 2523 568 2562 dudum
613 2520 723 2561 inter
772 2521 961 2561 eruditos
1004 2521 1171 2576 spuriae
1219 2533 1452 2571 censentur,

32 2588 109 2613 nec
129 2574 256 2615 alium
288 2577 440 2618 habere
468 2589 687 2633 parentem
714 2594 839 2633 quam
860 2577 1138 2627 Halloixium,
1168 2577 1232 2617 uti
1262 2577 1304 2617 in
1331 2593 1452 2633 prae-

32 2628 190 2670 fatione
220 2633 269 2671 ad
302 2633 426 2676 Tom.
457 2634 645 2690 primum
674 2633 930 2674 monuimus.
990 2634 1078 2675 Sed
1097 2634 1293 2686 Origenis
1328 2633 1452 2673 disci-

32 2684 145 2738 pulis
175 2691 508 2731 annumerandus
538 2691 709 2731 videtur
749 2691 1019 2731 Theotecnus
1052 2690 1331 2732 Caesariensis
1362 2688 1451 2744 epi-

32 2755 198 2795 scopm,
230 2759 355 2797 quem
383 2746 666 2800 praetermisit
695 2746 897 2787 Huetius:
939 2747 991 2793 de
1033 2763 1119 2802 quo
1149 2758 1289 2787 tamen
1320 2745 1450 2785 Euse-

33 2795 125 2836 bius
155 2797 260 2838 Hist.
285 2799 366 2854 jib.
396 2803 488 2843 Vll.
521 2819 612 2858 cap.
645 2803 715 2846 14.
776 2804 867 2856 Τῆς
905 2802 943 2846 δ’
971 2803 1233 2860 Ὠριγένους
1274 2802 1450 2855 διατρι-

31 2855 113 2904 βῆς
143 2857 218 2896 xa)
249 2856 378 2905 οὗτος
409 2856 696 2914 (Θεότεκνος)
728 2850 802 2914 ἦν.
833 2860 885 2900 R.

1055 2932 1123 2972 7*
