1759 3125
480 85 869 126 ORIGEMANORUM
908 81 1047 122 LIBER
1079 83 1133 123 Π.
1418 81 1499 126 195

85 195 235 253 στήσω
266 211 338 238 σοι
367 195 443 238 ἐπὶ
472 195 551 236 τοῦ
582 194 800 251 σωτῆρος,
845 189 912 236 ὅτι
944 191 1046 248 οὐχὶ
1076 193 1318 249 ἐγέννησεν
1350 193 1372 237 ὁ
1403 211 1499 237 πα-

87 272 170 332 τήρ
209 269 288 315 τόν
322 269 445 324 υἱὸν,
487 272 564 312 καὶ
603 269 827 313 ἀπέλυσεν
865 267 1004 312 αὐτὸν
1043 266 1066 312 ὁ
1098 268 1246 328 πατὴρ
1288 268 1379 313 ἀπὸ
1420 274 1496 325 τῆς

86 352 301 406 γενέσεως
330 347 486 401 αὐτοῦ,
518 344 608 389 ἀλλ’
645 345 713 390 ἀεὶ
742 350 884 404 γεννᾷ
916 343 1083 389 αὐτόν·
1115 344 1389 404 παραστήσω
1421 350 1498 389 καὶ

85 427 161 469 ἐπὶ
201 427 280 468 τοῦ
317 425 497 467 δικαίου
534 421 870 483 παραπλήσιον.
930 419 1126 481 ’Ίὸωμεν
1173 424 1223 467 δὲ
1262 427 1327 472 τίς
1366 421 1497 478 ἡμῶν

84 501 206 544 ἐστιν
245 498 268 543 ὁ
311 497 472 557 σωτήρ.
537 498 838 558 Ἀπαὺγασμα
888 498 1030 555 δόξης.
1105 499 1170 543 Τὸ
1206 498 1496 558 ἀπαύγασμα

82 575 214 631 δόξης
233 577 316 634 οὐχ
335 574 457 627 ἅπαξ
471 581 752 634 γεγέννηται,
784 579 862 620 καὶ
880 576 981 634 οὐχὶ
999 579 1239 634 γεννᾶται·
1272 577 1363 620 ἀλλ’
1386 577 1496 623 ὅσον

81 654 176 697 ἐστὶ
204 652 253 698 τό
286 657 383 712 φῶς
414 653 649 709 ποιητικὸν
677 657 757 698 τοῦ
789 653 1172 711 ἀπαυγασματος,
1215 655 1292 698 ἐπὶ
1328 658 1496 699 τοσοῦ-

81 747 162 774 τον
200 734 416 786 γεννᾶται
462 730 510 774 τὸ
549 728 833 787 ἀπαύγασμα
873 734 950 785 τῆς
988 729 1120 786 δόξης
1155 733 1234 775 τοῦ
1271 733 1395 776 θεοῦ.
1450 731 1497 776 Ὁ

81 806 228 864 σωτὴρ
257 806 389 863 ἡμῶν
427 811 568 864 σοφία
612 808 705 850 ἐστὶ
744 811 824 851 τοῦ
864 810 988 852 θεοῦ.
1039 804 1167 851 ’Έστι
1203 809 1253 853 δὲ
1293 807 1316 863 ἦ
1351 813 1496 867 σοφία

82 882 367 942 ἀπαύγασμα
398 883 549 942 φωτὸς
574 884 744 927 ἀϊδίου.
804 887 864 926 Εἰ
894 876 977 928 οὖν
1007 883 1030 929 ὁ
1064 884 1210 945 σωτὴρ
1233 885 1302 930 ἀεὶ
1326 889 1498 943 γεννᾶ-

81 978 174 1012 ται,
214 964 292 1004 καὶ
330 960 406 1004 διὰ
444 965 575 1005 τοῦτο
613 964 756 1018 λέγει·
795 960 978 1020 ,,πρό’)
1020 963 1071 1006 δὲ
1098 962 1289 1006 πάντων
1316 965 1497 1018 βουνῶν

351 1040 379 1062 “
411 1038 513 1096 οὐχὶ
543 1041 615 1082 δέ·
649 1037 772 1096 „noo
804 1040 853 1082 δὲ
890 1041 982 1082 τῶν
1010 1037 1197 1083 πάντων
1215 1042 1396 1095 βουνῶν
1414 1057 1496 1097 γε-

80 1041 221 1095 γεννᾷ
251 1052 334 1096 με’

82 1120 274 1174 γε’ννηκέ
297 1118 420 1171 με·“
453 1116 563 1159 ἀλλὰ
597 1114 686 1174 πρὸ
717 1113 906 1159 πάντων
933 1121 1115 1172 βουνῶν
1142 1119 1284 1174 γεννᾷ
1314 1133 1388 1175 με,
1419 1120 1497 1160 καὶ

80 1193 153 1237 ἀεὶ
182 1196 400 1250 γεννᾶται
432 1192 454 1238 ὁ
487 1191 634 1251 σωτὴρ
674 1191 766 1236 ὑπὸ
805 1195 883 1236 τοῦ
924 1190 1108 1249 πατρός.
1168 1194 1332 1235 Eadem
1362 1194 1495 1236 utitur

78 1270 356 1312 similitudine
386 1271 670 1312 Tertullianus
700 1270 931 1325 Apologet.
964 1287 1055 1326 cap.
1076 1270 1144 1315 21.
1203 1270 1364 1313 Etiam
1395 1284 1497 1312 cum

81 1346 245 1390 radius
273 1361 334 1390 ex
361 1349 451 1390 sole
478 1350 758 1404 porrigitur,
783 1349 940 1403 portio
971 1360 1032 1390 ex
1061 1360 1252 1390 samma.
1310 1346 1403 1391 Sed
1429 1349 1499 1390 sol

81 1427 174 1467 erit
204 1427 251 1466 in
282 1422 432 1480 radio,
462 1427 568 1479 quia
598 1424 704 1466 solis
728 1431 795 1466 est
811 1423 999 1475 radius;
1030 1437 1113 1466 nec
1126 1431 1377 1481 separatur
1391 1422 1495 1465 sub-

81 1504 285 1555 stantia,
323 1499 406 1544 sed
439 1499 726 1544 extenditur.
793 1500 872 1542 Ita
903 1499 958 1544 de
988 1500 1166 1557 Spiritu
1194 1501 1419 1557 Spiritus,
1449 1508 1495 1542 et

79 1696 164 1740 que
194 1690 346 1725 ortum
363 1683 525 1738 fuerit
556 1681 733 1735 lamen,
771 1695 833 1726 ex
863 1695 946 1739 quo
976 1681 1192 1740 splendor
1222 1685 1396 1740 oritur,
1429 1693 1496 1727 to-

83 1758 174 1798 tius
212 1757 363 1797 oritur
408 1760 454 1796 et
499 1751 715 1809 splendor
749 1754 947 1809 gloriae.
1017 1755 1133 1795 Haec
1172 1754 1263 1810 ipsa
1302 1755 1496 1807 Origenis

79 1829 208 1867 verba
253 1837 444 1881 repetere
492 1823 661 1864 videtur
704 1822 951 1878 Pamphilus
991 1823 1155 1881 Martyr
1200 1825 1244 1865 in
1284 1826 1498 1881 Apologia

79 1912 164 1946 sua,
196 1912 284 1951 cap.
314 1895 353 1938 3.
426 1891 664 1937 Videamus
694 1905 831 1948 ergo,
859 1892 1016 1948 inquit,
1056 1895 1152 1948 quis
1188 1897 1250 1936 sit
1278 1894 1499 1938 Salvator

78 1974 244 2008 noster.
306 1965 576 2021 ,‚Splendor“
618 1964 772 2005 dicitur
808 1963 1048 2017 ,‚gloriae‚“
1077 1964 1226 2019 (Hebr.
1258 1965 1291 2013 I,
1322 1964 1405 2020 3.),
1450 1965 1502 2008 id

79 2043 159 2088 est,
192 2042 412 2077 aeternae
432 2034 542 2076 lacis
563 2031 797 2089 splendor:
829 2042 877 2075 et
897 2040 1074 2075 certum
1104 2041 1186 2088 est,
1217 2033 1338 2090 quod
1350 2036 1498 2092 splen-

81 2105 165 2148 dor
205 2118 265 2148 ex
304 2105 472 2146 lamine
519 2103 900 2160 inseparabiliter
938 2111 1226 2159 generatur,
1270 2112 1318 2146 et
1357 2104 1498 2149 donec

74 2182 318 2234 permanet
349 2177 452 2229 lux,
488 2181 734 2231 permanet
771 2186 947 2229 semper
975 2180 1020 2215 et
1049 2171 1276 2229 splendor.
1335 2174 1500 2218 Salva-

81 2254 154 2288 tor
183 2258 294 2301 ergo
325 2252 504 2301 noster,
546 2247 626 2301 qui
657 2244 902 2300 Sapientia
931 2250 1022 2297 est,
1055 2267 1109 2275 —-
1141 2243 1386 2299 Sapientia
1417 2259 1498 2288 aa-

80 2325 169 2358 tem
199 2316 293 2358 Dei
317 2317 418 2371 ipsa
447 2322 515 2357 est
541 2312 756 2370 splendor
794 2320 1017 2355 aeternae
1056 2313 1169 2355 lacis
1199 2338 1280 2366 ——‚
1317 2315 1498 2372 insepa-

78 2385 295 2427 rabiliter
340 2393 387 2427 et
431 2382 747 2427 indesinenter
787 2391 1051 2440 generatur
1099 2395 1161 2426 ea:
1199 2385 1357 2427 Patre.
1422 2384 1498 2428 Sic‘

80 2458 201 2497 enim
240 2461 286 2496 et
323 2457 423 2510 ipsa
459 2452 514 2495 de
551 2467 598 2496 se
635 2454 879 2511 Sapientia
908 2466 997 2509 per
1035 2452 1323 2496 Salomonem
1365 2452 1497 2497 dicit.-

82 2526 217 2574 „Ante
249 2540 393 2564 omnes
426 2525 557 2565 colles
587 2536 756 2576 generat
785 2530 897 2566 me.“
929 2524 1078 2580 (Prov.
1109 2523 1224 2574 Vlll,
1253 2523 1344 2580 25.)
1394 2524 1497 2566 Non

82 2595 202 2634 enim
248 2592 393 2636 dixit:
449 2596 595 2645 „Ante
645 2610 790 2635 omnes
833 2594 964 2635 colles
1007 2595 1174 2649 genuit
1220 2596 1348 2642 me,“
1398 2591 1498 2635 sed.-

82 2674 277 2714 „generat
324 2671 433 2706 me.“
507 2664 562 2706 In
610 2676 692 2719 quo
741 2663 1065 2720 significantia
1114 2664 1498 2718 sempiternitatis

80 2741 160 2775 est.
192 2734 243 2774 R.

202 2802 242 2857 ¹)
275 2800 362 2845 Cfr.
393 2802 517 2846 Prov.
552 2805 668 2857 VIII,
698 2805 767 2849 25.

1040 2877 1136 2920 ωε
