<?xml version="1.0" encoding="UTF-8"?>
<!DOCTYPE html PUBLIC "-//W3C//DTD XHTML 1.0 Transitional//EN"
    "http://www.w3.org/TR/xhtml1/DTD/xhtml1-transitional.dtd">
<html xmlns="http://www.w3.org/1999/xhtml" xml:lang="en" lang="en">
 <head>
  <title>
</title>
<meta http-equiv="Content-Type" content="text/html;charset=utf-8" />
  <meta name='ocr-system' content='tesseract 3.04.00' />
  <meta name='ocr-capabilities' content='ocr_page ocr_carea ocr_par ocr_line ocrx_word'/>
</head>
<body>
  <div class='ocr_page' id='page_1' title='image "./operaomniaquaegr22orig/operaomniaquaegr22orig_0308.png"; bbox 0 0 1759 3125; ppageno 0'>
   <div class='ocr_carea' id='block_1_1' title="bbox 240 77 1247 122">
    <p class='ocr_par' dir='ltr' id='par_1_1' title="bbox 240 77 1247 122">
     <span class='ocr_line' id='line_1_1' title="bbox 240 77 1247 122; baseline -0.002 0"><span class='ocrx_word' id='word_1_1' title='bbox 240 77 323 122; x_wconf 81' lang='lat'>296</span> <span class='ocrx_word' id='word_1_2' title='bbox 655 77 796 119; x_wconf 71' lang='lat' dir='ltr'>Pmm</span> <span class='ocrx_word' id='word_1_3' title='bbox 836 78 1052 120; x_wconf 72' lang='lat' dir='ltr'>DANOEms</span> <span class='ocrx_word' id='word_1_4' title='bbox 1084 78 1247 120; x_wconf 82' lang='lat' dir='ltr'>HUl-:Tn</span> 
     </span>
    </p>
   </div>
   <div class='ocr_carea' id='block_1_2' title="bbox 248 186 1691 1947">
    <p class='ocr_par' dir='ltr' id='par_1_2' title="bbox 248 186 1691 1947">
     <span class='ocr_line' id='line_1_2' title="bbox 248 186 1671 248; baseline -0.001 -15"><span class='ocrx_word' id='word_1_5' title='bbox 248 193 354 234; x_wconf 73' lang='grc' dir='ltr'>τίον</span> <span class='ocrx_word' id='word_1_6' title='bbox 385 189 460 234; x_wconf 67' lang='grc' dir='ltr'>ἐπὶ</span> <span class='ocrx_word' id='word_1_7' title='bbox 492 190 683 246; x_wconf 74' lang='grc' dir='ltr'><em>ἔσχατον</em></span> <span class='ocrx_word' id='word_1_8' title='bbox 715 190 929 248; x_wconf 72' lang='grc' dir='ltr'>λογικὸν,</span> <span class='ocrx_word' id='word_1_9' title='bbox 955 189 1088 247; x_wconf 76' lang='grc' dir='ltr'><em>,τάχα</em></span> <span class='ocrx_word' id='word_1_10' title='bbox 1131 190 1213 234; x_wconf 64' lang='grc' dir='ltr'>οὔκ</span> <span class='ocrx_word' id='word_1_11' title='bbox 1257 186 1365 234; x_wconf 68' lang='grc' dir='ltr'>ἄλλο</span> <span class='ocrx_word' id='word_1_12' title='bbox 1402 206 1438 232; x_wconf 80' lang='grc' dir='ltr'>τι</span> <span class='ocrx_word' id='word_1_13' title='bbox 1473 193 1550 233; x_wconf 78' lang='grc' dir='ltr'>τοῦ</span> <span class='ocrx_word' id='word_1_14' title='bbox 1584 191 1671 233; x_wconf 75' lang='grc' dir='ltr'>(ἶν-</span> 
     </span>
     <span class='ocr_line' id='line_1_3' title="bbox 248 266 1671 326; baseline -0.004 -14"><span class='ocrx_word' id='word_1_15' title='bbox 248 266 440 326; x_wconf 73' lang='grc' dir='ltr'><em>θριῦπου</em></span> <span class='ocrx_word' id='word_1_16' title='bbox 484 267 731 324; x_wconf 73' lang='grc' dir='ltr'>τυγχάνον.</span> <span class='ocrx_word' id='word_1_17' title='bbox 803 270 1072 310; x_wconf 75' lang='lat' dir='ltr'>Postremum</span> <span class='ocrx_word' id='word_1_18' title='bbox 1113 270 1181 309; x_wconf 85' lang='lat' dir='ltr'>bic</span> <span class='ocrx_word' id='word_1_19' title='bbox 1234 269 1376 308; x_wconf 85' lang='lat' dir='ltr'>locum</span> <span class='ocrx_word' id='word_1_20' title='bbox 1426 267 1671 308; x_wconf 85' lang='lat' dir='ltr'>hominibus</span> 
     </span>
     <span class='ocr_line' id='line_1_4' title="bbox 251 345 1669 402; baseline -0.001 -15"><span class='ocrx_word' id='word_1_21' title='bbox 251 345 439 398; x_wconf 76' lang='lat' dir='ltr'>assignat.</span> <span class='ocrx_word' id='word_1_22' title='bbox 502 346 660 388; x_wconf 81' lang='lat' dir='ltr'><strong>Contra</strong></span> <span class='ocrx_word' id='word_1_23' title='bbox 691 346 817 387; x_wconf 89' lang='lat' dir='ltr'>Tom.</span> <span class='ocrx_word' id='word_1_24' title='bbox 850 347 941 386; x_wconf 87' lang='lat' dir='ltr'>XV.</span> <span class='ocrx_word' id='word_1_25' title='bbox 982 346 1024 385; x_wconf 87' lang='lat' dir='ltr'>in</span> <span class='ocrx_word' id='word_1_26' title='bbox 1055 347 1205 387; x_wconf 83' lang='lat' dir='ltr'>Matth.</span> <span class='ocrx_word' id='word_1_27' title='bbox 1237 362 1351 388; x_wconf 90' lang='lat' dir='ltr'>num.</span> <span class='ocrx_word' id='word_1_28' title='bbox 1383 346 1449 388; x_wconf 81' lang='grc'>27.</span> <span class='ocrx_word' id='word_1_29' title='bbox 1483 346 1669 402; x_wconf 83' lang='lat' dir='ltr'>priorem</span> 
     </span>
     <span class='ocr_line' id='line_1_5' title="bbox 250 422 1673 479; baseline -0.001 -16"><span class='ocrx_word' id='word_1_30' title='bbox 250 423 394 463; x_wconf 89' lang='lat' dir='ltr'>locum</span> <span class='ocrx_word' id='word_1_31' title='bbox 425 423 594 475; x_wconf 77' lang='lat' dir='ltr'><strong>angelis,</strong></span> <span class='ocrx_word' id='word_1_32' title='bbox 625 424 907 479; x_wconf 80' lang='lat' dir='ltr'>posteriorem</span> <span class='ocrx_word' id='word_1_33' title='bbox 940 423 1236 473; x_wconf 80' lang='lat' dir='ltr'>daemonibus,</span> <span class='ocrx_word' id='word_1_34' title='bbox 1268 424 1457 464; x_wconf 86' lang='lat' dir='ltr'>medium</span> <span class='ocrx_word' id='word_1_35' title='bbox 1489 422 1673 462; x_wconf 79' lang='lat' dir='ltr'>homini-</span> 
     </span>
     <span class='ocr_line' id='line_1_6' title="bbox 251 498 1674 557; baseline 0.001 -17"><span class='ocrx_word' id='word_1_36' title='bbox 251 501 329 540; x_wconf 92' lang='lat' dir='ltr'>bus</span> <span class='ocrx_word' id='word_1_37' title='bbox 359 499 530 541; x_wconf 79' lang='lat' dir='ltr'><strong>tribuit:</strong></span> <span class='ocrx_word' id='word_1_38' title='bbox 566 503 620 544; x_wconf 82' lang='grc' dir='ltr'>Οἱ</span> <span class='ocrx_word' id='word_1_39' title='bbox 651 502 698 543; x_wconf 73' lang='grc' dir='ltr'>δὲ</span> <span class='ocrx_word' id='word_1_40' title='bbox 731 498 996 555; x_wconf 66' lang='grc' dir='ltr'>(’4ἰί’)()ιυποι,</span> <span class='ocrx_word' id='word_1_41' title='bbox 1029 499 1140 543; x_wconf 72' lang='grc' dir='ltr'>ὅσον</span> <span class='ocrx_word' id='word_1_42' title='bbox 1173 504 1232 549; x_wconf 66' lang='grc' dir='ltr'>εἰς</span> <span class='ocrx_word' id='word_1_43' title='bbox 1263 499 1502 557; x_wconf 70' lang='grc' dir='ltr'><em>σύγκρισιν</em></span> <span class='ocrx_word' id='word_1_44' title='bbox 1533 501 1674 556; x_wconf 63' lang='grc' dir='ltr'><em>ἀγγέ-</em></span> 
     </span>
     <span class='ocr_line' id='line_1_7' title="bbox 252 575 1669 634; baseline 0 -15"><span class='ocrx_word' id='word_1_45' title='bbox 252 579 344 619; x_wconf 77' lang='grc' dir='ltr'>λων</span> <span class='ocrx_word' id='word_1_46' title='bbox 382 578 559 634; x_wconf 74' lang='grc' dir='ltr'><em>ἔσχατοι</em></span> <span class='ocrx_word' id='word_1_47' title='bbox 611 575 934 634; x_wconf 65' lang='grc' dir='ltr'>τυγχάνοντες,</span> <span class='ocrx_word' id='word_1_48' title='bbox 986 582 1188 634; x_wconf 74' lang='grc' dir='ltr'>γίνονται</span> <span class='ocrx_word' id='word_1_49' title='bbox 1242 577 1451 634; x_wconf 75' lang='grc' dir='ltr'><em>ἀγγέλων</em></span> <span class='ocrx_word' id='word_1_50' title='bbox 1499 580 1669 632; x_wconf 58' lang='grc' dir='ltr'>πρῶται</span> 
     </span>
     <span class='ocr_line' id='line_1_8' title="bbox 254 653 1672 711; baseline -0.002 -14"><span class='ocrx_word' id='word_1_51' title='bbox 254 656 345 697; x_wconf 82' lang='grc' dir='ltr'>τῶν</span> <span class='ocrx_word' id='word_1_52' title='bbox 373 654 436 711; x_wconf 85' lang='grc' dir='ltr'>μὴ</span> <span class='ocrx_word' id='word_1_53' title='bbox 469 653 762 710; x_wconf 72' lang='grc' dir='ltr'>τηρησάντων</span> <span class='ocrx_word' id='word_1_54' title='bbox 801 653 883 708; x_wconf 79' lang='grc' dir='ltr'>τὴν</span> <span class='ocrx_word' id='word_1_55' title='bbox 923 655 1096 697; x_wconf 75' lang='grc' dir='ltr'>ἑαυτῶν</span> <span class='ocrx_word' id='word_1_56' title='bbox 1128 653 1284 711; x_wconf 70' lang='grc' dir='ltr'><em>ἀρχήν.</em></span> <span class='ocrx_word' id='word_1_57' title='bbox 1348 655 1454 695; x_wconf 87' lang='lat' dir='ltr'>Cum</span> <span class='ocrx_word' id='word_1_58' title='bbox 1488 655 1672 695; x_wconf 77' lang='lat' dir='ltr'>homini-</span> 
     </span>
     <span class='ocr_line' id='line_1_9' title="bbox 254 731 1677 788; baseline -0.001 -17"><span class='ocrx_word' id='word_1_59' title='bbox 254 731 332 771; x_wconf 85' lang='lat' dir='ltr'>bus</span> <span class='ocrx_word' id='word_1_60' title='bbox 360 747 458 784; x_wconf 89' lang='lat' dir='ltr'>ergo</span> <span class='ocrx_word' id='word_1_61' title='bbox 491 733 745 788; x_wconf 83' lang='lat' dir='ltr'>quandoque</span> <span class='ocrx_word' id='word_1_62' title='bbox 778 732 1025 779; x_wconf 81' lang='lat' dir='ltr'>daemones,</span> <span class='ocrx_word' id='word_1_63' title='bbox 1064 732 1256 773; x_wconf 86' lang='lat' dir='ltr'>homines</span> <span class='ocrx_word' id='word_1_64' title='bbox 1288 749 1389 773; x_wconf 84' lang='lat' dir='ltr'>vero</span> <span class='ocrx_word' id='word_1_65' title='bbox 1423 734 1677 788; x_wconf 75' lang='lat' dir='ltr'>quandoque</span> 
     </span>
     <span class='ocr_line' id='line_1_10' title="bbox 254 809 1680 865; baseline 0 -17"><span class='ocrx_word' id='word_1_66' title='bbox 254 819 484 864; x_wconf 85' lang='lat' dir='ltr'>postponat</span> <span class='ocrx_word' id='word_1_67' title='bbox 528 809 827 859; x_wconf 87' lang='lat' dir='ltr'>daemonibus,</span> <span class='ocrx_word' id='word_1_68' title='bbox 876 822 1042 850; x_wconf 85' lang='lat' dir='ltr'>naturas</span> <span class='ocrx_word' id='word_1_69' title='bbox 1087 810 1310 851; x_wconf 79' lang='lat' dir='ltr'>rationales</span> <span class='ocrx_word' id='word_1_70' title='bbox 1355 826 1434 865; x_wconf 89' lang='lat' dir='ltr'>pro</span> <span class='ocrx_word' id='word_1_71' title='bbox 1480 809 1680 861; x_wconf 84' lang='lat' dir='ltr'>gravitate</span> 
     </span>
     <span class='ocr_line' id='line_1_11' title="bbox 255 886 1681 940; baseline 0.001 -15"><span class='ocrx_word' id='word_1_72' title='bbox 255 887 464 926; x_wconf 88' lang='lat' dir='ltr'>scelerum</span> <span class='ocrx_word' id='word_1_73' title='bbox 495 886 719 927; x_wconf 82' lang='lat' dir='ltr'>humanam</span> <span class='ocrx_word' id='word_1_74' title='bbox 751 887 926 928; x_wconf 85' lang='lat' dir='ltr'>induere</span> <span class='ocrx_word' id='word_1_75' title='bbox 957 900 1163 938; x_wconf 87' lang='lat' dir='ltr'>naturam,</span> <span class='ocrx_word' id='word_1_76' title='bbox 1196 900 1237 929; x_wconf 93' lang='lat' dir='ltr'>et</span> <span class='ocrx_word' id='word_1_77' title='bbox 1267 887 1554 940; x_wconf 82' lang='lat' dir='ltr'>gravissimum</span> <span class='ocrx_word' id='word_1_78' title='bbox 1588 903 1681 926; x_wconf 91' lang='lat' dir='ltr'>cor-</span> 
     </span>
     <span class='ocr_line' id='line_1_12' title="bbox 257 963 1682 1021; baseline 0.001 -19"><span class='ocrx_word' id='word_1_79' title='bbox 257 979 335 1018; x_wconf 91' lang='lat' dir='ltr'>pus</span> <span class='ocrx_word' id='word_1_80' title='bbox 366 963 505 1003; x_wconf 88' lang='lat' dir='ltr'>subire</span> <span class='ocrx_word' id='word_1_81' title='bbox 536 980 839 1020; x_wconf 81' lang='lat' dir='ltr'>nonnunquam</span> <span class='ocrx_word' id='word_1_82' title='bbox 869 965 1026 1016; x_wconf 88' lang='lat' dir='ltr'>statuit,</span> <span class='ocrx_word' id='word_1_83' title='bbox 1057 981 1358 1021; x_wconf 83' lang='lat' dir='ltr'>nonnunquam</span> <span class='ocrx_word' id='word_1_84' title='bbox 1382 981 1482 1005; x_wconf 81' lang='lat' dir='ltr'>vero</span> <span class='ocrx_word' id='word_1_85' title='bbox 1509 966 1682 1004; x_wconf 81' lang='lat' dir='ltr'>daemo-</span> 
     </span>
     <span class='ocr_line' id='line_1_13' title="bbox 261 1041 1683 1098; baseline 0 -18"><span class='ocrx_word' id='word_1_86' title='bbox 261 1056 361 1080; x_wconf 90' lang='lat' dir='ltr'>num</span> <span class='ocrx_word' id='word_1_87' title='bbox 393 1052 600 1091; x_wconf 87' lang='lat' dir='ltr'>naturam,</span> <span class='ocrx_word' id='word_1_88' title='bbox 632 1041 911 1098; x_wconf 75' lang='lat' dir='ltr'>subtiliusque</span> <span class='ocrx_word' id='word_1_89' title='bbox 945 1060 1098 1098; x_wconf 87' lang='lat' dir='ltr'>corpus</span> <span class='ocrx_word' id='word_1_90' title='bbox 1131 1044 1344 1084; x_wconf 78' lang='lat' dir='ltr'>asciscere.</span> <span class='ocrx_word' id='word_1_91' title='bbox 1408 1041 1524 1095; x_wconf 83' lang='lat' dir='ltr'>Quin</span> <span class='ocrx_word' id='word_1_92' title='bbox 1557 1041 1683 1082; x_wconf 82' lang='lat' dir='ltr'>ctiam</span> 
     </span>
     <span class='ocr_line' id='line_1_14' title="bbox 260 1117 1685 1168; baseline 0.001 -11"><span class='ocrx_word' id='word_1_93' title='bbox 260 1117 488 1158; x_wconf 85' lang='lat' dir='ltr'>daemones</span> <span class='ocrx_word' id='word_1_94' title='bbox 519 1119 638 1159; x_wconf 88' lang='lat' dir='ltr'>novis</span> <span class='ocrx_word' id='word_1_95' title='bbox 669 1119 859 1160; x_wconf 88' lang='lat' dir='ltr'>admissis</span> <span class='ocrx_word' id='word_1_96' title='bbox 890 1120 1119 1161; x_wconf 86' lang='lat' dir='ltr'>sceleribus</span> <span class='ocrx_word' id='word_1_97' title='bbox 1160 1120 1351 1160; x_wconf 87' lang='lat' dir='ltr'>homines</span> <span class='ocrx_word' id='word_1_98' title='bbox 1381 1119 1494 1168; x_wconf 74' lang='lat' dir='ltr'>fieri,</span> <span class='ocrx_word' id='word_1_99' title='bbox 1537 1131 1577 1159; x_wconf 87' lang='lat' dir='ltr'>et</span> <span class='ocrx_word' id='word_1_100' title='bbox 1608 1119 1685 1158; x_wconf 85' lang='lat' dir='ltr'>ho-</span> 
     </span>
     <span class='ocr_line' id='line_1_15' title="bbox 261 1194 1686 1254; baseline 0.001 -19"><span class='ocrx_word' id='word_1_101' title='bbox 261 1194 396 1236; x_wconf 87' lang='lat' dir='ltr'>mines</span> <span class='ocrx_word' id='word_1_102' title='bbox 429 1196 613 1237; x_wconf 85' lang='lat' dir='ltr'>vicissim</span> <span class='ocrx_word' id='word_1_103' title='bbox 638 1214 842 1238; x_wconf 84' lang='lat' dir='ltr'>novarum</span> <span class='ocrx_word' id='word_1_104' title='bbox 878 1199 1097 1254; x_wconf 84' lang='lat' dir='ltr'>culparum</span> <span class='ocrx_word' id='word_1_105' title='bbox 1127 1214 1221 1238; x_wconf 91' lang='lat' dir='ltr'>reos</span> <span class='ocrx_word' id='word_1_106' title='bbox 1253 1198 1294 1237; x_wconf 88' lang='lat' dir='ltr'>in</span> <span class='ocrx_word' id='word_1_107' title='bbox 1327 1199 1581 1238; x_wconf 81' lang='lat' dir='ltr'>daemonum</span> <span class='ocrx_word' id='word_1_108' title='bbox 1614 1213 1686 1237; x_wconf 86' lang='lat' dir='ltr'>na-</span> 
     </span>
     <span class='ocr_line' id='line_1_16' title="bbox 261 1275 1683 1331; baseline 0.002 -19"><span class='ocrx_word' id='word_1_109' title='bbox 261 1283 398 1313; x_wconf 81' lang='lat' dir='ltr'>turam</span> <span class='ocrx_word' id='word_1_110' title='bbox 429 1286 470 1314; x_wconf 91' lang='lat' dir='ltr'>et</span> <span class='ocrx_word' id='word_1_111' title='bbox 502 1291 655 1330; x_wconf 89' lang='lat' dir='ltr'>corpus</span> <span class='ocrx_word' id='word_1_112' title='bbox 686 1275 859 1315; x_wconf 87' lang='lat' dir='ltr'>transire</span> <span class='ocrx_word' id='word_1_113' title='bbox 891 1276 1038 1316; x_wconf 85' lang='lat' dir='ltr'>asserit</span> <span class='ocrx_word' id='word_1_114' title='bbox 1075 1276 1186 1330; x_wconf 84' lang='lat' dir='ltr'>apud</span> <span class='ocrx_word' id='word_1_115' title='bbox 1218 1275 1528 1331; x_wconf 71' lang='lat' dir='ltr'>Hieronymum</span> <span class='ocrx_word' id='word_1_116' title='bbox 1563 1275 1683 1330; x_wconf 88' lang='lat' dir='ltr'>epist.</span> 
     </span>
     <span class='ocr_line' id='line_1_17' title="bbox 262 1348 1687 1406; baseline 0 -15"><span class='ocrx_word' id='word_1_117' title='bbox 262 1348 331 1391; x_wconf 85' lang='lat'>59.</span> <span class='ocrx_word' id='word_1_118' title='bbox 365 1350 416 1389; x_wconf 82' lang='lat' dir='ltr'>ad</span> <span class='ocrx_word' id='word_1_119' title='bbox 449 1351 559 1391; x_wconf 83' lang='lat' dir='ltr'>Avit.</span> <span class='ocrx_word' id='word_1_120' title='bbox 594 1367 682 1406; x_wconf 83' lang='lat' dir='ltr'>cap.</span> <span class='ocrx_word' id='word_1_121' title='bbox 713 1351 756 1393; x_wconf 88' lang='lat'>·1.</span> <span class='ocrx_word' id='word_1_122' title='bbox 815 1350 892 1392; x_wconf 83' lang='lat' dir='ltr'>Ita</span> <span class='ocrx_word' id='word_1_123' title='bbox 924 1359 1105 1402; x_wconf 66' lang='lat' dir='ltr'>cuncta,</span> <span class='ocrx_word' id='word_1_124' title='bbox 1137 1351 1286 1406; x_wconf 80' lang='lat' dir='ltr'>inquit,</span> <span class='ocrx_word' id='word_1_125' title='bbox 1319 1354 1523 1402; x_wconf 68' lang='lat' dir='ltr'>variari,</span> <span class='ocrx_word' id='word_1_126' title='bbox 1557 1352 1687 1406; x_wconf 80' lang='lat' dir='ltr'>(arbi-</span> 
     </span>
     <span class='ocr_line' id='line_1_18' title="bbox 264 1427 1688 1485; baseline 0.002 -19"><span class='ocrx_word' id='word_1_127' title='bbox 264 1427 457 1483; x_wconf 82' lang='lat' dir='ltr'>tramur),</span> <span class='ocrx_word' id='word_1_128' title='bbox 489 1435 538 1469; x_wconf 76' lang='lat' dir='ltr'>ut</span> <span class='ocrx_word' id='word_1_129' title='bbox 571 1435 616 1469; x_wconf 85' lang='lat' dir='ltr'>et</span> <span class='ocrx_word' id='word_1_130' title='bbox 648 1430 865 1483; x_wconf 73' lang='lat' dir='ltr'>quc‘mcnc</span> <span class='ocrx_word' id='word_1_131' title='bbox 884 1427 1012 1468; x_wconf 76' lang='lat' dir='ltr'><em>homo</em></span> <span class='ocrx_word' id='word_1_132' title='bbox 1035 1436 1116 1479; x_wconf 81' lang='lat' dir='ltr'>est,</span> <span class='ocrx_word' id='word_1_133' title='bbox 1142 1432 1288 1485; x_wconf 71' lang='lat' dir='ltr'>possit</span> <span class='ocrx_word' id='word_1_134' title='bbox 1317 1432 1365 1470; x_wconf 73' lang='lat' dir='ltr'>in</span> <span class='ocrx_word' id='word_1_135' title='bbox 1398 1429 1489 1470; x_wconf 68' lang='lat' dir='ltr'>alio</span> <span class='ocrx_word' id='word_1_136' title='bbox 1519 1427 1688 1470; x_wconf 78' lang='lat' dir='ltr'>mundo</span> 
     </span>
     <span class='ocr_line' id='line_1_19' title="bbox 263 1501 1689 1563; baseline 0.003 -19"><span class='ocrx_word' id='word_1_137' title='bbox 263 1501 458 1545; x_wconf 79' lang='lat' dir='ltr'>daemon</span> <span class='ocrx_word' id='word_1_138' title='bbox 476 1504 621 1559; x_wconf 82' lang='lat' dir='ltr'>fierz&#39;;</span> <span class='ocrx_word' id='word_1_139' title='bbox 649 1512 694 1547; x_wconf 81' lang='lat' dir='ltr'>et</span> <span class='ocrx_word' id='word_1_140' title='bbox 727 1507 805 1561; x_wconf 72' lang='lat' dir='ltr'>que·</span> <span class='ocrx_word' id='word_1_141' title='bbox 832 1504 1026 1546; x_wconf 77' lang='lat' dir='ltr'>daemon</span> <span class='ocrx_word' id='word_1_142' title='bbox 1058 1513 1138 1557; x_wconf 79' lang='lat' dir='ltr'>est,</span> <span class='ocrx_word' id='word_1_143' title='bbox 1170 1514 1216 1548; x_wconf 81' lang='lat' dir='ltr'>et</span> <span class='ocrx_word' id='word_1_144' title='bbox 1247 1507 1562 1563; x_wconf 63' lang='lat' dir='ltr'>neglegentius</span> <span class='ocrx_word' id='word_1_145' title='bbox 1584 1520 1689 1562; x_wconf 79' lang='lat' dir='ltr'>ege-</span> 
     </span>
     <span class='ocr_line' id='line_1_20' title="bbox 264 1583 1688 1640; baseline 0.002 -18"><span class='ocrx_word' id='word_1_146' title='bbox 264 1583 348 1632; x_wconf 78' lang='lat' dir='ltr'>rit,</span> <span class='ocrx_word' id='word_1_147' title='bbox 387 1583 434 1623; x_wconf 80' lang='lat' dir='ltr'>z‘n</span> <span class='ocrx_word' id='word_1_148' title='bbox 468 1585 699 1624; x_wconf 75' lang='lat' dir='ltr'>crassiora</span> <span class='ocrx_word' id='word_1_149' title='bbox 733 1595 928 1638; x_wconf 75' lang='lat' dir='ltr'>corpora</span> <span class='ocrx_word' id='word_1_150' title='bbox 966 1584 1223 1640; x_wconf 78' lang='lat' dir='ltr'>relegetur,</span> <span class='ocrx_word' id='word_1_151' title='bbox 1263 1583 1314 1626; x_wconf 79' lang='lat' dir='ltr'>z‘d</span> <span class='ocrx_word' id='word_1_152' title='bbox 1341 1591 1432 1638; x_wconf 76' lang='lat' dir='ltr'>est,</span> <span class='ocrx_word' id='word_1_153' title='bbox 1476 1591 1528 1625; x_wconf 75' lang='lat' dir='ltr'>vt</span> <span class='ocrx_word' id='word_1_154' title='bbox 1559 1584 1688 1625; x_wconf 73' lang='lat' dir='ltr'>homo</span> 
     </span>
     <span class='ocr_line' id='line_1_21' title="bbox 252 1657 1690 1718; baseline 0.001 -19"><span class='ocrx_word' id='word_1_155' title='bbox 252 1657 368 1717; x_wconf 55' lang='lat' dir='ltr'>fias.</span> <span class='ocrx_word' id='word_1_156' title='bbox 428 1661 548 1700; x_wconf 82' lang='lat' dir='ltr'>Idem</span> <span class='ocrx_word' id='word_1_157' title='bbox 580 1660 864 1718; x_wconf 65' lang='lat' dir='ltr'>Hieronymus</span> <span class='ocrx_word' id='word_1_158' title='bbox 894 1661 935 1701; x_wconf 88' lang='lat' dir='ltr'>in</span> <span class='ocrx_word' id='word_1_159' title='bbox 967 1661 1075 1702; x_wconf 87' lang='lat' dir='ltr'>illud</span> <span class='ocrx_word' id='word_1_160' title='bbox 1109 1663 1266 1703; x_wconf 87' lang='lat' dir='ltr'>Jerem.</span> <span class='ocrx_word' id='word_1_161' title='bbox 1289 1662 1448 1711; x_wconf 85' lang='lat' dir='ltr'>XXlX,</span> <span class='ocrx_word' id='word_1_162' title='bbox 1481 1661 1547 1704; x_wconf 68' lang='lat'>14.</span> <span class='ocrx_word' id='word_1_163' title='bbox 1608 1662 1690 1711; x_wconf 81' lang='lat' dir='ltr'>„Et</span> 
     </span>
     <span class='ocr_line' id='line_1_22' title="bbox 266 1737 1691 1793; baseline 0.001 -17"><span class='ocrx_word' id='word_1_164' title='bbox 266 1737 467 1777; x_wconf 84' lang='lat' dir='ltr'>reducam</span> <span class='ocrx_word' id='word_1_165' title='bbox 498 1737 783 1793; x_wconf 85' lang='lat' dir='ltr'>captivitatem</span> <span class='ocrx_word' id='word_1_166' title='bbox 816 1750 1010 1789; x_wconf 81' lang='lat' dir='ltr'>vestram,</span> <span class='ocrx_word' id='word_1_167' title='bbox 1042 1751 1082 1779; x_wconf 87' lang='lat' dir='ltr'>et</span> <span class='ocrx_word' id='word_1_168' title='bbox 1118 1740 1379 1791; x_wconf 83' lang='lat' dir='ltr'>congregabo</span> <span class='ocrx_word' id='word_1_169' title='bbox 1411 1756 1486 1780; x_wconf 88' lang='lat' dir='ltr'>vos</span> <span class='ocrx_word' id='word_1_170' title='bbox 1519 1740 1570 1779; x_wconf 90' lang='lat' dir='ltr'>de</span> <span class='ocrx_word' id='word_1_171' title='bbox 1599 1740 1691 1779; x_wconf 90' lang='lat' dir='ltr'>uni-</span> 
     </span>
     <span class='ocr_line' id='line_1_23' title="bbox 268 1813 1691 1873; baseline 0.002 -20"><span class='ocrx_word' id='word_1_172' title='bbox 268 1813 395 1854; x_wconf 85' lang='lat' dir='ltr'>versis</span> <span class='ocrx_word' id='word_1_173' title='bbox 426 1814 641 1866; x_wconf 84' lang='lat' dir='ltr'>gentibus,</span> <span class='ocrx_word' id='word_1_174' title='bbox 693 1826 734 1855; x_wconf 86' lang='lat' dir='ltr'>et</span> <span class='ocrx_word' id='word_1_175' title='bbox 774 1816 824 1856; x_wconf 87' lang='lat' dir='ltr'>de</span> <span class='ocrx_word' id='word_1_176' title='bbox 857 1815 1016 1856; x_wconf 86' lang='lat' dir='ltr'>cunctis</span> <span class='ocrx_word' id='word_1_177' title='bbox 1048 1816 1177 1865; x_wconf 90' lang='lat' dir='ltr'>locis,</span> <span class='ocrx_word' id='word_1_178' title='bbox 1209 1817 1260 1856; x_wconf 88' lang='lat' dir='ltr'>ad</span> <span class='ocrx_word' id='word_1_179' title='bbox 1292 1833 1397 1873; x_wconf 83' lang='lat' dir='ltr'>quae</span> <span class='ocrx_word' id='word_1_180' title='bbox 1431 1816 1570 1872; x_wconf 78' lang='lat' dir='ltr'>expuli</span> <span class='ocrx_word' id='word_1_181' title='bbox 1603 1833 1691 1865; x_wconf 73' lang='lat' dir='ltr'>vos,</span> 
     </span>
     <span class='ocr_line' id='line_1_24' title="bbox 270 1890 1690 1947; baseline 0.001 -17"><span class='ocrx_word' id='word_1_182' title='bbox 270 1890 375 1931; x_wconf 87' lang='lat' dir='ltr'>dicit</span> <span class='ocrx_word' id='word_1_183' title='bbox 403 1892 632 1935; x_wconf 83' lang='lat' dir='ltr'>Dominus.</span> <span class='ocrx_word' id='word_1_184' title='bbox 694 1894 751 1933; x_wconf 87' lang='lat' dir='ltr'>Et</span> <span class='ocrx_word' id='word_1_185' title='bbox 780 1893 935 1934; x_wconf 86' lang='lat' dir='ltr'>reverti</span> <span class='ocrx_word' id='word_1_186' title='bbox 967 1910 1042 1933; x_wconf 86' lang='lat' dir='ltr'>vos</span> <span class='ocrx_word' id='word_1_187' title='bbox 1073 1893 1222 1933; x_wconf 80' lang='lat' dir='ltr'>faciam</span> <span class='ocrx_word' id='word_1_188' title='bbox 1255 1894 1306 1933; x_wconf 92' lang='lat' dir='ltr'>de</span> <span class='ocrx_word' id='word_1_189' title='bbox 1340 1894 1451 1943; x_wconf 90' lang='lat' dir='ltr'>loco,</span> <span class='ocrx_word' id='word_1_190' title='bbox 1483 1894 1531 1933; x_wconf 90' lang='lat' dir='ltr'>ad</span> <span class='ocrx_word' id='word_1_191' title='bbox 1566 1909 1690 1947; x_wconf 84' lang='lat' dir='ltr'>quem</span> 
     </span>
    </p>
   </div>
   <div class='ocr_carea' id='block_1_3' title="bbox 269 1968 1693 2026">
    <p class='ocr_par' dir='ltr' id='par_1_3' title="bbox 269 1968 1693 2026">
     <span class='ocr_line' id='line_1_25' title="bbox 269 1968 1693 2026; baseline 0.001 -19"><span class='ocrx_word' id='word_1_192' title='bbox 269 1968 562 2021; x_wconf 83' lang='lat' dir='ltr'>transmigrare</span> <span class='ocrx_word' id='word_1_193' title='bbox 593 1987 667 2011; x_wconf 84' lang='lat' dir='ltr'>vos</span> <span class='ocrx_word' id='word_1_194' title='bbox 697 1971 840 2011; x_wconf 82' lang='lat' dir='ltr'>feci:“</span> <span class='ocrx_word' id='word_1_195' title='bbox 882 1971 1132 2023; x_wconf 87' lang='lat' dir='ltr'>Origenem,</span> <span class='ocrx_word' id='word_1_196' title='bbox 1177 1987 1301 2026; x_wconf 87' lang='lat' dir='ltr'>quem</span> <span class='ocrx_word' id='word_1_197' title='bbox 1341 1970 1522 2010; x_wconf 85' lang='lat' dir='ltr'>delirum</span> <span class='ocrx_word' id='word_1_198' title='bbox 1564 1970 1693 2009; x_wconf 88' lang='lat' dir='ltr'>inter-</span> 
     </span>
    </p>
   </div>
   <div class='ocr_carea' id='block_1_4' title="bbox 270 2047 1759 2102">
    <p class='ocr_par' dir='ltr' id='par_1_4' title="bbox 270 2047 1759 2102">
     <span class='ocr_line' id='line_1_26' title="bbox 270 2047 1759 2102; baseline 0.001 -17"><span class='ocrx_word' id='word_1_199' title='bbox 270 2056 435 2100; x_wconf 86' lang='lat' dir='ltr'>pretem</span> <span class='ocrx_word' id='word_1_200' title='bbox 465 2048 675 2102; x_wconf 88' lang='lat' dir='ltr'>appellat,</span> <span class='ocrx_word' id='word_1_201' title='bbox 716 2048 925 2088; x_wconf 88' lang='lat' dir='ltr'>somniare</span> <span class='ocrx_word' id='word_1_202' title='bbox 965 2048 1022 2088; x_wconf 87' lang='lat' dir='ltr'>ait</span> <span class='ocrx_word' id='word_1_203' title='bbox 1064 2048 1226 2087; x_wconf 88' lang='lat' dir='ltr'>ruinam</span> <span class='ocrx_word' id='word_1_204' title='bbox 1270 2047 1464 2087; x_wconf 87' lang='lat' dir='ltr'>coelestis</span> <span class='ocrx_word' id='word_1_205' title='bbox 1495 2047 1694 2087; x_wconf 81' lang='lat' dir='ltr'>Hierusa-</span> <span class='ocrx_word' id='word_1_206' title='bbox 1754 2068 1759 2080; x_wconf 77' lang='lat'>=</span> 
     </span>
    </p>
   </div>
   <div class='ocr_carea' id='block_1_5' title="bbox 270 2121 1759 2876">
    <p class='ocr_par' dir='ltr' id='par_1_5' title="bbox 270 2121 1759 2876">
     <span class='ocr_line' id='line_1_27' title="bbox 270 2121 1759 2180; baseline 0.003 -19"><span class='ocrx_word' id='word_1_207' title='bbox 270 2121 355 2162; x_wconf 90' lang='lat' dir='ltr'>lem</span> <span class='ocrx_word' id='word_1_208' title='bbox 386 2122 448 2164; x_wconf 84' lang='lat' dir='ltr'>his</span> <span class='ocrx_word' id='word_1_209' title='bbox 479 2123 724 2175; x_wconf 77' lang='lat' dir='ltr'>significari,</span> <span class='ocrx_word' id='word_1_210' title='bbox 776 2137 816 2165; x_wconf 92' lang='lat' dir='ltr'>et</span> <span class='ocrx_word' id='word_1_211' title='bbox 856 2142 926 2165; x_wconf 91' lang='lat' dir='ltr'>cos</span> <span class='ocrx_word' id='word_1_212' title='bbox 956 2137 1146 2180; x_wconf 87' lang='lat' dir='ltr'>spectare</span> <span class='ocrx_word' id='word_1_213' title='bbox 1178 2124 1443 2174; x_wconf 82' lang='lat' dir='ltr'>vaticinium,</span> <span class='ocrx_word' id='word_1_214' title='bbox 1495 2124 1566 2179; x_wconf 87' lang='lat' dir='ltr'>qui</span> <span class='ocrx_word' id='word_1_215' title='bbox 1596 2125 1694 2165; x_wconf 85' lang='lat' dir='ltr'>inde</span> <span class='ocrx_word' id='word_1_216' title='bbox 1753 2146 1759 2165; x_wconf 82' lang='lat'>·.</span> 
     </span>
     <span class='ocr_line' id='line_1_28' title="bbox 273 2199 1694 2256; baseline 0.002 -17"><span class='ocrx_word' id='word_1_217' title='bbox 273 2199 433 2240; x_wconf 86' lang='lat' dir='ltr'>dimissi</span> <span class='ocrx_word' id='word_1_218' title='bbox 463 2200 503 2240; x_wconf 85' lang='lat' dir='ltr'>in</span> <span class='ocrx_word' id='word_1_219' title='bbox 526 2200 608 2241; x_wconf 87' lang='lat' dir='ltr'>hoc</span> <span class='ocrx_word' id='word_1_220' title='bbox 629 2202 789 2241; x_wconf 90' lang='lat' dir='ltr'>mundo</span> <span class='ocrx_word' id='word_1_221' title='bbox 822 2213 1050 2250; x_wconf 80' lang='lat' dir='ltr'>versantur,</span> <span class='ocrx_word' id='word_1_222' title='bbox 1082 2202 1355 2256; x_wconf 84' lang='lat' dir='ltr'>futurumque</span> <span class='ocrx_word' id='word_1_223' title='bbox 1378 2213 1425 2241; x_wconf 90' lang='lat' dir='ltr'>ut</span> <span class='ocrx_word' id='word_1_224' title='bbox 1447 2214 1541 2256; x_wconf 87' lang='lat' dir='ltr'>post</span> <span class='ocrx_word' id='word_1_225' title='bbox 1565 2202 1694 2242; x_wconf 90' lang='lat' dir='ltr'>LXX.</span> 
     </span>
     <span class='ocr_line' id='line_1_29' title="bbox 274 2276 1755 2334; baseline 0.002 -18"><span class='ocrx_word' id='word_1_226' title='bbox 274 2292 404 2317; x_wconf 86' lang='lat' dir='ltr'>annos</span> <span class='ocrx_word' id='word_1_227' title='bbox 435 2276 477 2317; x_wconf 86' lang='lat' dir='ltr'>in</span> <span class='ocrx_word' id='word_1_228' title='bbox 509 2276 652 2318; x_wconf 86' lang='lat' dir='ltr'>locum</span> <span class='ocrx_word' id='word_1_229' title='bbox 683 2278 907 2334; x_wconf 86' lang='lat' dir='ltr'>pristinum</span> <span class='ocrx_word' id='word_1_230' title='bbox 940 2279 1233 2329; x_wconf 80' lang='lat' dir='ltr'>restituantur,</span> <span class='ocrx_word' id='word_1_231' title='bbox 1272 2279 1304 2318; x_wconf 86' lang='lat' dir='ltr'>si</span> <span class='ocrx_word' id='word_1_232' title='bbox 1336 2279 1467 2318; x_wconf 81' lang='lat' dir='ltr'>modo</span> <span class='ocrx_word' id='word_1_233' title='bbox 1500 2279 1543 2318; x_wconf 88' lang='lat' dir='ltr'>id</span> <span class='ocrx_word' id='word_1_234' title='bbox 1573 2279 1696 2319; x_wconf 81' lang='lat' dir='ltr'>bonis</span> <span class='ocrx_word' id='word_1_235' title='bbox 1752 2278 1755 2282; x_wconf 56' lang='grc'>’</span> 
     </span>
     <span class='ocr_line' id='line_1_30' title="bbox 274 2353 1759 2411; baseline 0.001 -17"><span class='ocrx_word' id='word_1_236' title='bbox 274 2353 357 2395; x_wconf 89' lang='lat' dir='ltr'>suis</span> <span class='ocrx_word' id='word_1_237' title='bbox 389 2354 589 2410; x_wconf 90' lang='lat' dir='ltr'>operibus</span> <span class='ocrx_word' id='word_1_238' title='bbox 621 2356 843 2410; x_wconf 89' lang='lat' dir='ltr'>promeriti</span> <span class='ocrx_word' id='word_1_239' title='bbox 873 2356 977 2406; x_wconf 90' lang='lat' dir='ltr'>sint,</span> <span class='ocrx_word' id='word_1_240' title='bbox 1017 2368 1168 2411; x_wconf 84' lang='lat' dir='ltr'>utpote</span> <span class='ocrx_word' id='word_1_241' title='bbox 1212 2355 1282 2411; x_wconf 89' lang='lat' dir='ltr'>qui</span> <span class='ocrx_word' id='word_1_242' title='bbox 1323 2366 1473 2410; x_wconf 85' lang='lat' dir='ltr'>sponte</span> <span class='ocrx_word' id='word_1_243' title='bbox 1513 2356 1554 2396; x_wconf 88' lang='lat' dir='ltr'>in</span> <span class='ocrx_word' id='word_1_244' title='bbox 1596 2355 1697 2396; x_wconf 84' lang='lat' dir='ltr'>haec</span> <span class='ocrx_word' id='word_1_245' title='bbox 1756 2375 1759 2390; x_wconf 68' lang='grc' dir='ltr'><em>ι</em></span> 
     </span>
     <span class='ocr_line' id='line_1_31' title="bbox 277 2433 1698 2488; baseline -0.001 -16"><span class='ocrx_word' id='word_1_246' title='bbox 277 2448 456 2487; x_wconf 83' lang='lat' dir='ltr'>corpora</span> <span class='ocrx_word' id='word_1_247' title='bbox 496 2433 796 2474; x_wconf 84' lang='lat' dir='ltr'>descendentes</span> <span class='ocrx_word' id='word_1_248' title='bbox 835 2445 948 2473; x_wconf 90' lang='lat' dir='ltr'>recte</span> <span class='ocrx_word' id='word_1_249' title='bbox 989 2434 1170 2485; x_wconf 85' lang='lat' dir='ltr'>egerint:</span> <span class='ocrx_word' id='word_1_250' title='bbox 1217 2433 1291 2488; x_wconf 90' lang='lat' dir='ltr'>qui</span> <span class='ocrx_word' id='word_1_251' title='bbox 1337 2445 1476 2473; x_wconf 84' lang='lat' dir='ltr'>autem</span> <span class='ocrx_word' id='word_1_252' title='bbox 1514 2433 1564 2472; x_wconf 86' lang='lat' dir='ltr'>ad</span> <span class='ocrx_word' id='word_1_253' title='bbox 1613 2444 1698 2472; x_wconf 85' lang='lat' dir='ltr'>ter-</span> 
     </span>
     <span class='ocr_line' id='line_1_32' title="bbox 276 2509 1759 2565; baseline 0 -16"><span class='ocrx_word' id='word_1_254' title='bbox 276 2525 376 2549; x_wconf 86' lang='lat' dir='ltr'>rena</span> <span class='ocrx_word' id='word_1_255' title='bbox 407 2509 508 2550; x_wconf 77' lang='lat' dir='ltr'>haee</span> <span class='ocrx_word' id='word_1_256' title='bbox 537 2526 625 2550; x_wconf 86' lang='lat' dir='ltr'>sese</span> <span class='ocrx_word' id='word_1_257' title='bbox 656 2522 806 2565; x_wconf 88' lang='lat' dir='ltr'>sponte</span> <span class='ocrx_word' id='word_1_258' title='bbox 847 2510 1090 2560; x_wconf 86' lang='lat' dir='ltr'>demittere,</span> <span class='ocrx_word' id='word_1_259' title='bbox 1133 2523 1174 2551; x_wconf 88' lang='lat' dir='ltr'>et</span> <span class='ocrx_word' id='word_1_260' title='bbox 1210 2512 1360 2550; x_wconf 84' lang='lat' dir='ltr'>fratres</span> <span class='ocrx_word' id='word_1_261' title='bbox 1405 2526 1501 2550; x_wconf 91' lang='lat' dir='ltr'>suos</span> <span class='ocrx_word' id='word_1_262' title='bbox 1540 2509 1697 2549; x_wconf 85' lang='lat' dir='ltr'>imitari</span> <span class='ocrx_word' id='word_1_263' title='bbox 1758 2527 1759 2530; x_wconf 49' lang='lat'>¹</span> 
     </span>
     <span class='ocr_line' id='line_1_33' title="bbox 276 2586 1752 2643; baseline 0.001 -17"><span class='ocrx_word' id='word_1_264' title='bbox 276 2586 512 2637; x_wconf 83' lang='lat' dir='ltr'>noluerint,</span> <span class='ocrx_word' id='word_1_265' title='bbox 554 2587 596 2627; x_wconf 88' lang='lat' dir='ltr'>id</span> <span class='ocrx_word' id='word_1_266' title='bbox 637 2588 774 2642; x_wconf 88' lang='lat' dir='ltr'>ipsum</span> <span class='ocrx_word' id='word_1_267' title='bbox 816 2604 1032 2642; x_wconf 83' lang='lat' dir='ltr'>passuros,</span> <span class='ocrx_word' id='word_1_268' title='bbox 1073 2589 1187 2643; x_wconf 86' lang='lat' dir='ltr'>quod</span> <span class='ocrx_word' id='word_1_269' title='bbox 1219 2586 1442 2636; x_wconf 72' lang='lat' dir='ltr'>sedeciae,</span> <span class='ocrx_word' id='word_1_270' title='bbox 1483 2586 1697 2642; x_wconf 84' lang='lat' dir='ltr'>ipsiusque</span> <span class='ocrx_word' id='word_1_271' title='bbox 1749 2626 1752 2630; x_wconf 84' lang='grc'><em>,</em></span> 
     </span>
     <span class='ocr_line' id='line_1_34' title="bbox 278 2663 1759 2720; baseline 0 -17"><span class='ocrx_word' id='word_1_272' title='bbox 278 2663 443 2719; x_wconf 90' lang='lat' dir='ltr'>populo</span> <span class='ocrx_word' id='word_1_273' title='bbox 477 2664 759 2704; x_wconf 87' lang='lat' dir='ltr'>comminatur</span> <span class='ocrx_word' id='word_1_274' title='bbox 787 2664 1019 2715; x_wconf 88' lang='lat' dir='ltr'>Dominus,</span> <span class='ocrx_word' id='word_1_275' title='bbox 1072 2666 1262 2706; x_wconf 81' lang='lat' dir='ltr'>futurum</span> <span class='ocrx_word' id='word_1_276' title='bbox 1302 2681 1454 2720; x_wconf 83' lang='lat' dir='ltr'>nempe</span> <span class='ocrx_word' id='word_1_277' title='bbox 1486 2677 1532 2704; x_wconf 84' lang='lat' dir='ltr'>ut</span> <span class='ocrx_word' id='word_1_278' title='bbox 1562 2665 1700 2704; x_wconf 82' lang='lat' dir='ltr'>mittat</span> <span class='ocrx_word' id='word_1_279' title='bbox 1756 2683 1759 2701; x_wconf 74' lang='lat' dir='ltr'>z</span> 
     </span>
     <span class='ocr_line' id='line_1_35' title="bbox 280 2741 1700 2797; baseline 0 -16"><span class='ocrx_word' id='word_1_280' title='bbox 280 2741 325 2782; x_wconf 87' lang='lat' dir='ltr'>in</span> <span class='ocrx_word' id='word_1_281' title='bbox 357 2757 428 2782; x_wconf 86' lang='lat' dir='ltr'>eos</span> <span class='ocrx_word' id='word_1_282' title='bbox 460 2741 666 2793; x_wconf 83' lang='lat' dir='ltr'>gladium,</span> <span class='ocrx_word' id='word_1_283' title='bbox 709 2753 749 2781; x_wconf 88' lang='lat' dir='ltr'>et</span> <span class='ocrx_word' id='word_1_284' title='bbox 779 2743 957 2793; x_wconf 85' lang='lat' dir='ltr'>famem,</span> <span class='ocrx_word' id='word_1_285' title='bbox 1001 2754 1040 2782; x_wconf 87' lang='lat' dir='ltr'>et</span> <span class='ocrx_word' id='word_1_286' title='bbox 1074 2755 1260 2797; x_wconf 84' lang='lat' dir='ltr'>pestem:</span> <span class='ocrx_word' id='word_1_287' title='bbox 1300 2751 1345 2784; x_wconf 81' lang='lat' dir='ltr'>et</span> <span class='ocrx_word' id='word_1_288' title='bbox 1376 2742 1451 2784; x_wconf 85' lang='lat' dir='ltr'>det</span> <span class='ocrx_word' id='word_1_289' title='bbox 1483 2744 1529 2783; x_wconf 74' lang='lat' dir='ltr'>in</span> <span class='ocrx_word' id='word_1_290' title='bbox 1560 2754 1700 2784; x_wconf 72' lang='lat' dir='ltr'>vexa-</span> 
     </span>
     <span class='ocr_line' id='line_1_36' title="bbox 282 2820 1759 2876; baseline -0.002 -16"><span class='ocrx_word' id='word_1_291' title='bbox 282 2820 449 2861; x_wconf 78' lang='lat' dir='ltr'>tionem</span> <span class='ocrx_word' id='word_1_292' title='bbox 480 2820 701 2863; x_wconf 74' lang='lat' dir='ltr'>um‘versz&#39;s</span> <span class='ocrx_word' id='word_1_293' title='bbox 731 2821 891 2875; x_wconf 68' lang='lat' dir='ltr'>reguis</span> <span class='ocrx_word' id='word_1_294' title='bbox 922 2827 1093 2875; x_wconf 76' lang='lat' dir='ltr'>terrae,</span> <span class='ocrx_word' id='word_1_295' title='bbox 1125 2834 1207 2876; x_wconf 76' lang='lat' dir='ltr'>quo</span> <span class='ocrx_word' id='word_1_296' title='bbox 1227 2820 1397 2863; x_wconf 73' lang='lat' dir='ltr'>scilicet</span> <span class='ocrx_word' id='word_1_297' title='bbox 1415 2831 1698 2875; x_wconf 72' lang='lat' dir='ltr'>nequaquam</span> <span class='ocrx_word' id='word_1_298' title='bbox 1755 2831 1759 2857; x_wconf 76' lang='lat' dir='ltr'>z</span> 
     </span>
    </p>
   </div>
  </div>
 </body>
</html>
