1759 3125
276 83 332 127 62
693 86 836 127 Pssnu
867 86 1080 130 DANJEus
1111 88 1276 131 Hom-11

278 210 340 238 tes
362 199 400 253 ¹)
431 198 502 239 lib.
535 199 604 240 IV.
640 194 729 254 capi
760 198 829 241 27.
862 200 971 240 sama
1003 200 1199 254 Origenis
1231 201 1387 242 excitos
1431 218 1480 241 co
1523 212 1695 241 conten-

278 276 385 316 disse
415 286 564 317 narrat.
642 276 681 316 Is
722 277 944 317 excellenti
986 278 1302 319 adolescentum
1344 279 1520 319 illorum
1551 278 1696 318 indole

276 508 350 543 ius
379 508 468 551 est,
510 513 611 541 cum
627 498 783 553 factis
813 498 1054 542 verborum
1085 499 1446 543 cohortationem
1480 513 1696 557 praever-

275 573 427 621 risset,
469 582 549 611 etc.
619 570 718 625 Quo
758 583 952 626 tempore
995 570 1239 612 Caesaream
1281 571 1490 613 Stratonis
1529 572 1694 627 appulit

275 641 493 693 Origenes,
521 641 966 696 Thaumaturgumque
997 640 1039 680 in
1069 657 1185 681 suam
1219 639 1486 697 disciplinam
1518 641 1693 697 recepit,

272 711 355 770 jam
385 724 476 752 tum
507 711 734 766 episcopus
778 723 864 751 erat
903 711 1199 761 Firmilianus,
1237 723 1284 752 ut
1321 712 1456 767 liquet
1484 729 1531 752 ex
1563 712 1693 752 Euse-

273 783 347 824 bio
378 782 484 823 Hist.
519 782 667 822 eccles.
700 782 771 822 lib.
807 782 874 823 VI.
908 798 998 837 cap.
1029 782 1097 825 26.
1161 778 1291 832 ’Έτος
1321 777 1421 837 δ’ἧν
1453 786 1582 826 τοῦτο
1615 784 1690 825 δέ-

274 870 415 897 κατον
446 855 519 906 τῆς
552 854 833 907 δηλουμένης
864 850 1125 908 ἡγεμονίας,
1159 853 1259 895 καθ’
1297 851 1319 897 3
1350 854 1432 909 τὴν
1462 852 1537 896 ἀπ’
1568 852 1692 896 Ἀλε-

274 925 511 981 ξανδρείας
540 920 879 981 μετανάστασιν
921 923 996 966 ἐπὶ
1035 922 1116 976 τὴν
1150 921 1426 979 Καισάρειαν
1458 922 1479 968 ὁ
1511 925 1692 980 Ὡριγὲ-

273 1013 351 1050 νης
380 993 703 1050 ποιησάμενος,
733 991 932 1049 ‘Hya-alc}
974 992 1023 1037 τὸ
1061 995 1137 1048 τῆς
1176 992 1459 1051 κατηχήσεως
1488 998 1577 1038 τῶν
1609 994 1693 1037 αὗ-

271 1064 377 1110 τόθι
408 1066 731 1108 διδασκαλεῖον
761 1067 1034 1108 καταλείπει.
1108 1063 1202 1107 Οὐκ
1233 1068 1295 1114 εἰς
1321 1063 1503 1121 μακρὸν
1534 1066 1583 1108 δὲ
1615 1068 1692 1107 καὶ

271 1135 531 1194 Δημήτριος
563 1133 584 1178 ὅ
617 1137 695 1187 τῆς
719 1135 1052 1191 Ἀλεξανδρέων
1083 1136 1318 1191 ἐκκλησίας
1339 1138 1589 1185 ἐπίσκοπος
1617 1153 1691 1180 τε-

271 1212 426 1263 λευτᾷ,
469 1206 538 1263 ἐφ’
575 1204 695 1254 ὅλοις
726 1206 839 1248 ἔτεσι
870 1209 987 1263 τρισὶ
1026 1210 1102 1249 καὶ
1143 1207 1482 1266 τεσσαράκοντα
1513 1209 1563 1266 τῇ
1594 1210 1688 1250 λει-

270 1283 461 1335 τουργία
506 1278 771 1331 διαρκέσας·
830 1277 1086 1332 διαδέχεται
1141 1278 1326 1323 δἀὐτὸν
1383 1277 1404 1322 ὁ
1447 1277 1689 1335 ιΗρακλᾶς.

270 1354 501 1407 Διέπρεπε
523 1349 570 1391 δὲ
590 1348 640 1390 ἐν
664 1344 804 1403 τούτῳ
828 1347 1129 1403 Φιρμιλιανός
1154 1354 1432 1405 Καισαρείας
1455 1353 1530 1403 τῆς
1551 1356 1688 1392 Καπ-

268 1423 490 1464 παδοκῶν
521 1420 785 1466 ἐπίσκοπος.
844 1419 943 1458 Non
975 1434 1073 1472 ergo
1095 1419 1369 1461 Firmilianus
1400 1432 1495 1461 ante
1527 1420 1691 1478 episco-

267 1503 414 1548 patum
453 1489 497 1529 in
531 1487 727 1541 Origenis
758 1487 1026 1542 disciplinam
1068 1489 1182 1530 venit
1218 1507 1300 1531 una
1341 1506 1437 1531 cum
1479 1491 1688 1543 Gregorio

268 1565 598 1611 Thaumaturgo.
669 1560 755 1600 Sed
794 1560 1002 1616 Nyssenus
1052 1575 1149 1599 cum
1196 1560 1367 1616 reliquis
1412 1561 1688 1616 scriptoribus

266 1622 577 1676 ita'conciliari
606 1639 761 1685 potest,
796 1628 831 1668 si
863 1628 1050 1669 dicamus
1079 1629 1379 1671 Firmilianum
1411 1629 1495 1686 jam
1527 1631 1690 1686 episco-

265 1722 370 1763 pum
416 1705 661 1758 frequenter
702 1698 930 1754 Origenem
979 1699 1023 1739 in
1063 1701 1297 1742 Palaestina
1344 1713 1445 1742 tunc
1484 1702 1689 1756 temporis

266 1775 458 1824 adivisse,
489 1773 600 1829 apud
619 1786 746 1826 quem
777 1768 1038 1825 aliquamdiu
1069 1773 1276 1821 manebat,
1307 1783 1353 1812 ut
1382 1771 1586 1830 majorem
1620 1788 1686 1812 re-

265 1864 360 1887 rum
392 1845 626 1886 divinarum
657 1839 854 1882 notitiam
885 1840 1144 1896 perciperet:
1185 1842 1378 1897 adeoque
1414 1843 1456 1883 in
1489 1842 1684 1895 Origenis

267 1933 365 1957 eum
395 1915 581 1970 quodam
618 1912 751 1951 modo
789 1926 871 1950 una
911 1927 1005 1950 cum
1049 1911 1258 1964 Gregorio
1298 1913 1458 1953 venisse
1497 1913 1685 1969 discipli-

262 2004 371 2028 nam.
431 1984 566 2038 Quod
597 1980 806 2022 consentit
845 1996 940 2020 cum
977 1981 1153 2021 Eusebii
1181 1982 1433 2027 narratione.
1499 1981 1683 2027 Τοσαύ-

263 2074 358 2112 την,
389 2054 528 2110 inquit
557 2052 666 2094 Hist.
700 2051 847 2091 eccles.
879 2051 952 2095 lib.
987 2052 1058 2093 VI.
1093 2067 1182 2106 cap.
1213 2051 1302 2102 27„
1344 2051 1544 2110 εἰσάγων
1575 2057 1680 2109 περὶ

263 2128 344 2172 τὸν
367 2127 608 2182 Ὠριγένην
644 2121 879 2176 σπουδήν,
930 2120 990 2169 ὠς
1029 2122 1125 2164 τοτὲ
1164 2123 1253 2177 μὲν
1291 2123 1431 2167 αὐτὸν
1470 2124 1595 2182 ἀμφὶ
1625 2121 1679 2167 τὰ

265 2200 355 2243 κατ’
390 2194 531 2239 αὐτὸν
567 2197 760 2248 κλίματα
801 2196 861 2240 εἷς
897 2190 978 2246 τὴν
1018 2195 1107 2235 τῶν
1151 2193 1401 2246 ἐκκλησιῶν
1451 2195 1680 2253 ὠφέλειαν

261 2272 575 2319 ἐκκαλεῖσθαι,
607 2265 704 2307 τοτὲ
735 2265 783 2306 δὲ
815 2261 874 2312 ὠς
904 2261 1044 2306 αὐτὸν
1075 2264 1151 2306 ἐπὶ
1182 2263 1263 2318 τὴν
1290 2263 1519 2308 Ἰουδαίαν
1549 2269 1678 2309 στέλ-

261 2346 445 2393 λεσθαι,
489 2339 566 2379 καί
593 2352 716 2384 τινας
747 2333 866 2390 αὐτῷ
899 2335 1235 2392 συνδιατρίβειν
1259 2334 1478 2393 χρόνους,
1510 2338 1586 2389 τῆς
1614 2339 1676 2384 εἰς

261 2411 314 2457 τὰ
339 2414 443 2454 θεῖα
472 2403 742 2463 βελτιώσεως
771 2405 914 2448 ἕνεκα.
947 2406 999 2446 R.

379 2480 418 2535 ¹)
450 2479 501 2519 ld
540 2491 710 2533 quoque
740 2476 835 2516 falsi
866 2475 1134 2516 convincitur
1163 2493 1211 2517 ex
1243 2477 1314 2527 iis,
1344 2491 1451 2532 quae
1480 2475 1523 2515 in
1555 2474 1672 2517 Orat.

257 2553 457 2608 Panegyr.
495 2565 610 2589 num.
640 2547 680 2590 3.
715 2557 853 2586 narrat
894 2546 1125 2598 Gregorius
1163 2547 1274 2604 ipse,
1319 2563 1385 2596 se,
1416 2535 1673 2601 fratremque

257 2620 597 2670 Athenodorum,
629 2635 724 2659 cum
753 2616 1050 2668 incogitantes,
1081 2618 1197 2672 quasi
1227 2619 1339 2658 ferae
1370 2628 1569 2669 agrestes,
1600 2628 1673 2657 aut

256 2708 351 2733 aves
381 2690 425 2730 in
454 2689 559 2730 retia
599 2687 813 2741 origenis,
849 2686 895 2726 id
926 2698 1009 2737 est,
1048 2687 1092 2727 in
1131 2688 1216 2745 ejus
1258 2700 1530 2742 conspectum
1569 2687 1670 2728 inci-

256 2762 425 2810 dissent,
457 2761 655 2812 aufugere
685 2758 871 2815 primum
901 2759 953 2798 ab
985 2773 1035 2797 eo
1068 2759 1251 2800 voluisse
1282 2758 1485 2815 Berytum
1515 2773 1670 2808 versus,

255 2832 399 2873 autin
437 2829 616 2886 patriam
654 2829 828 2871 reverti:
872 2829 987 2885 quod
1025 2828 1170 2884 utique
1210 2828 1429 2878 fecissent,
1477 2827 1556 2869 nisi
1601 2843 1673 2868 eos
