1759 3125
462 110 851 150 OmGENJANoRUM
891 103 1031 144 LIBER
1065 103 1096 144 1.
1436 103 1489 146 93

70 219 269 267 tionibus,
303 236 384 274 quo
419 219 555 258 minus
587 218 630 257 id
649 215 893 258 Christianis
926 215 1191 269 exprobaret,
1222 214 1489 253 absterritum

72 297 195 336 fuisse
228 296 509 352 Porphyrium
542 294 748 335 existimo.
810 292 941 345 Quod
981 291 1123 331 nullus
1156 306 1254 342 ergo
1286 290 1389 331 vitio
1423 292 1493 330 de-

71 374 198 423 derat,
232 374 507 428 quamobrem
540 372 760 427 quisquam
803 379 1040 416 excusaret,
1087 367 1194 407 ratio
1235 367 1352 407 nulla
1398 367 1490 408 suit.

72 450 173 488 Inde
205 466 280 504 par
311 451 421 504 apud
455 449 613 488 multos
646 464 694 488 ea
725 450 776 487 de
807 462 852 486 re
881 445 1108 485 silentium.
1159 444 1389 484 Eusebium
1422 460 1493 483 au·-

68 537 168 575 tem,
202 543 273 566 cur
303 526 346 566 id
378 527 601 567 scribendo
637 523 1004 580 praetermitteret,
1038 537 1088 561 eo
1116 521 1241 561 fuisse
1260 522 1490 576 impulsum

70 601 150 658 jam
182 619 306 657 supra
350 603 459 652 dixi,
507 603 622 658 quod
665 602 707 642 in
748 599 959 656 Apologia
997 614 1076 653 pro
1117 597 1299 649 Origene
1339 598 1420 638 hoc
1450 610 1489 638 et

71 677 278 734 ejusmodi
317 680 500 734 plurima
539 679 687 719 suisset
728 678 996 733 complexus,
1048 691 1153 730 quae
1197 676 1248 715 ad
1279 675 1489 716 Historiae

67 771 164 795 suae
195 756 467 811 propositum
496 773 581 796 non
603 756 777 795 omnino
799 754 1089 801 accommoda,
1122 752 1280 807 quippe
1303 769 1407 808 quae
1426 770 1490 793 res

68 834 120 872 ad
150 833 384 873 universam
419 832 637 873 ecclesiam
677 844 910 887 spectantes
943 841 1258 885 exsequeretur,
1297 842 1489 885 repetere

69 908 241 964 insuper
271 910 430 950 habuit.
488 909 638 950 Jacent
668 909 795 961 igitur
836 909 1014 949 collecta
1056 924 1077 947 a
1122 906 1310 947 Baronio
1343 908 1491 947 adver-

69 1001 136 1026 sus
175 987 283 1027 hunc
322 985 552 1041 Epiphanii
591 987 737 1026 locum
788 996 1054 1037 argumenta,
1107 1001 1232 1038 quem
1283 985 1351 1024 vel
1399 984 1488 1039 ipsa

69 1063 165 1120 styli
194 1064 442 1114 similitudo,
474 1075 520 1104 ut
551 1075 664 1104 recte
694 1063 857 1104 notavit
887 1062 1096 1111 Petavius,
1127 1061 1223 1102 satis
1245 1061 1487 1117 Epiphanio

70 1140 292 1198 adjudicat.

183 1219 233 1259 V.
295 1218 464 1260 Cautius
497 1218 693 1274 equidem
725 1235 771 1258 ac
801 1217 1059 1258 reverentius
1086 1216 1386 1271 Antiquorum,
1417 1216 1489 1255 sed

70 1295 244 1335 Patrum
306 1296 553 1351 praesertim
606 1307 881 1336 monumenta
936 1294 1082 1345 attingi
1132 1294 1298 1333 vellem.
1383 1294 1489 1333 Nam

71 1371 258 1427 quamvis
288 1389 427 1428 parce,
460 1384 500 1413 et
529 1389 617 1413 non
647 1373 734 1413 sine
774 1373 913 1428 aliqua
945 1370 1310 1411 verisimilitudine
1343 1386 1489 1409 manus

70 1448 310 1504 Epiphanio
352 1449 540 1489 attulerit
580 1450 661 1489 hoc
702 1450 799 1489 loco
831 1448 1062 1496 Baronius,
1107 1449 1236 1486 homo
1278 1459 1324 1486 ut
1357 1446 1491 1486 excel-

72 1526 159 1566 lens
193 1525 278 1583 ejus
308 1526 543 1578 ingenium,
583 1538 623 1566 et
661 1525 912 1577 singularem
954 1526 1185 1564 doctrinam
1223 1524 1390 1571 sileam,
1429 1540 1490 1563 sa-

72 1603 309 1655 gacissimae
342 1603 384 1642 in
415 1615 501 1643 arte
534 1603 676 1642 critica
718 1613 759 1641 et
797 1602 1023 1641 acerrimae
1064 1602 1196 1652 naris3
1238 1603 1318 1641 hoc
1350 1613 1488 1640 tamen

72 1681 313 1735 exemplum
356 1680 396 1719 in
435 1696 610 1735 sequens
651 1695 797 1719 aevum
849 1679 986 1718 labem
1026 1679 1189 1718 trahere
1228 1690 1393 1734 potest,
1443 1690 1489 1717 ut

73 1757 176 1797 tanti
210 1757 287 1797 viri
318 1756 564 1797 auctoritate
598 1755 795 1811 producti
834 1755 988 1795 literati
1033 1756 1250 1804 homines,
1291 1771 1489 1794 veneran-

74 1836 149 1874 dae
183 1834 395 1874 vetustatis
428 1833 626 1889 operibus
658 1833 859 1881 illudere,
907 1849 1037 1888 eaque
1080 1834 1131 1872 ad
1173 1832 1338 1873 libitum
1371 1848 1490 1872 reco-

75 1928 214 1967 quere,
247 1928 293 1951 ac
323 1910 464 1951 incudi
499 1926 595 1950 suae
627 1910 804 1949 reddere
834 1911 1009 1950 sortasse
1041 1909 1179 1949 ausuri
1209 1910 1300 1951 sint.
1349 1909 1490 1962 Quae-

73 1988 150 2028 sivi
183 2005 279 2028 sane
319 1989 499 2028 multum
532 2003 578 2027 ac
611 1987 706 2036 diu,
746 1986 896 2042 plusne
936 1986 1141 2042 perniciei
1179 1986 1222 2026 in
1263 1987 1403 2027 literas
1440 2004 1489 2027 an

73 2065 264 2105 utilitatis
297 2065 437 2105 critica
468 2081 530 2104 ars
563 2063 763 2106 intulerit.
833 2064 953 2118 Quot
993 2063 1101 2104 enim
1135 2080 1230 2104 sana
1261 2076 1302 2104 et
1331 2064 1490 2115 integra

76 2142 274 2181 Veterum
326 2142 480 2196 scripta
524 2141 730 2195 pervertit
778 2142 1034 2182 Criticorum
1086 2141 1322 2192 temeritas,
1388 2142 1488 2181 dum

76 2217 282 2273 quidquid
312 2220 448 2258 minus
478 2230 618 2258 mente
651 2218 930 2273 perciperent,
963 2219 1006 2259 id
1036 2220 1088 2259 ad
1119 2219 1337 2259 arbitrium
1368 2236 1488 2260 suum

75 2295 303 2347 refingendi
347 2295 558 2336 licentiam
598 2295 676 2336 sibi
716 2296 934 2336 fecerunt?
994 2296 1114 2350 Quot
1153 2296 1367 2336 volumina
1407 2297 1490 2336 suis

75 2382 161 2412 tota
193 2373 461 2412 detraxerunt
491 2373 779 2428 scriptoribus,
811 2373 956 2413 alienis
996 2372 1307 2414 attribuerunt?
1352 2373 1493 2414 Disse-

76 2464 148 2488 ror
176 2448 249 2498 ira,
281 2450 617 2506 quotiescunque
648 2450 751 2491 viles
784 2451 834 2490 de
867 2449 992 2504 plebe
1026 2451 1411 2491 Grammaticorum
1445 2451 1492 2490 li-

76 2536 278 2566 teratores
307 2526 428 2566 bonis
459 2528 700 2567 auctoribus
734 2527 920 2567 inscitiae
959 2544 1056 2568 suae
1088 2528 1199 2568 virus
1229 2540 1491 2583 aspergentes

77 2601 226 2653 vide03
258 2614 299 2642 et
328 2603 361 2642 si
390 2605 558 2658 quando
590 2620 699 2645 nova
729 2620 821 2653 vox,
855 2616 896 2645 et
928 2605 1250 2660 Lexicograpbis
1281 2605 1492 2657 incognita

77 2693 167 2716 sese
199 2678 289 2727 det,
330 2695 420 2720 eam
458 2683 612 2737 absque
653 2681 919 2722 cunctatione
962 2683 1088 2722 obelo
1129 2699 1204 2722 suo
1246 2682 1491 2737 jugulanteS,

79 2765 121 2792 et
153 2755 331 2794 obtrusis
361 2757 442 2796 suis
475 2758 726 2813 coniecturis
757 2775 834 2814 per
871 2776 1075 2799 summam
1121 2759 1337 2799 audaciam
1369 2758 1491 2797 nobis

79 2830 223 2870 sucum
256 2831 463 2874 facientes.
523 2834 576 2874 Et
618 2846 705 2875 tum
750 2835 813 2876 vel
854 2835 1031 2876 maxime
1072 2852 1159 2876 sese
1193 2835 1373 2876 Criticos
1407 2833 1488 2873 diei
