1759 3125
265 106 348 152 356
826 103 1063 148 Excunsus
1102 103 1131 145 Ι.

267 221 547 274 δυναμένην,
579 214 607 271 ἦ
637 216 714 260 διὰ
748 215 828 272 τὴν
859 217 1036 271 ἒκείνρυ
1069 215 1446 274 ὑπερβάλλουσαν
1476 219 1552 260 καὶ
1581 221 1688 276 μείω

266 302 373 349 ζονα
403 293 576 344 παντὸς
603 296 683 338 τοῦ
714 292 892 352 κόσμου
923 291 1148 348 θειότηια.

377 372 627 429 Suspicatur
684 372 810 414 Tom.
854 372 976 414 XIII.
1035 370 1078 411 in
1136 371 1316 412 eundem
1378 371 1687 425 Evangelistam

262 469 380 494 num.
412 450 494 501 58„
525 449 766 492 nonnullos
795 461 857 491 ex
881 448 1183 504 principibus,
1215 446 1556 504 obstupefactos
1582 463 1688 506 pro-

255 536 365 587 pter
389 529 650 584 potentiam
680 534 723 568 et
756 525 1047 568 divinitatem
1075 524 1207 579 Jesu,
1247 523 1314 566 ad
1341 527 1486 581 ipsum
1517 528 1686 581 coufu-

258 609 403 664 gisse‚
443 613 487 648 et
527 617 681 646 orasse
714 616 802 659 pro
841 605 933 643 sc'bc'
967 600 1175 643 subditis.
1245 602 1300 642 Et
1337 619 1452 644 num.
1483 603 1550 647 28.
1580 605 1685 645 hanc

261 685 388 725 affert
418 699 606 732 causam,
648 698 722 722 cur
761 679 957 735 discipuli
999 679 1140 720 mirati
1176 679 1258 720 sint
1288 680 1434 720 Jesum
1466 697 1560 721 cum
1592 698 1684 722 mu-

260 762 363 803 liere
395 760 528 816 loqui,
561 759 676 814 quod
707 754 1080 813 magnitudinem
1112 755 1373 799 divinitatis
1402 760 1449 798 2⁰72
1471 759 1566 814 ipso
1584 759 1684 812 jam

255 839 611 897 perspexissent.
670 836 767 891 Ipse
807 846 948 876 autem
988 850 1037 875 ex
1074 834 1157 876 hoc
1202 834 1358 876 Christi
1387 851 1481 875 cum
1512 835 1686 876 mulier-

259 917 352 958 cula
382 912 604 970 colloquio
638 912 879 963 concludit,
921 930 1008 953 non
1040 929 1127 954 esse
1158 913 1492 954 contemnendos
1521 913 1686 969 simpli-

258 1011 349 1045 ces;
379 991 589 1048 siquidem
621 992 683 1044 is,
723 988 970 1045 quz'finxe‘t
999 992 1049 1032 in
1079 997 1236 1040 utero,
1273 989 1405 1046 quz'¹)
1430 989 1587 1044 fiuxit
1624 992 1684 1032 si-

252 1071 462 1128 gillatim
513 1065 656 1110 corda
701 1069 901 1108 omm‘nm
958 1066 1215 1118 hominum,
1266 1075 1314 1109 et
1361 1068 1587 1124 intellegit
1633 1070 1681 1109 in

255 1152 410 1190 omm'a
439 1157 580 1202 opera
611 1157 794 1199 eorum,
825 1142 1112 1200 abjectorum
1142 1145 1271 1187 Deus
1299 1153 1390 1197 est,
1427 1153 1472 1187 et
1497 1159 1680 1203 parvu-

255 1227 405 1268 lorum
436 1222 723 1277 auxiliator,
762 1228 999 1277 susceptor
1041 1220 1357 1277 infirmorum,
1407 1236 1681 1265 succurrens

254 1301 535 1358 desperatis,
578 1306 625 1341 et
663 1311 844 1348 eorum,
894 1300 972 1354 qui
1006 1296 1241 1353 deplorati
1277 1307 1410 1351 sunt,
1455 1301 1675 1344 salvator.

255 1379 400 1432 Quale
431 1384 513 1429 est,
544 1373 825 1432 quodetiam
843 1375 930 1416 hac
949 1375 1139 1417 muliere
1170 1374 1236 1417 ad
1263 1389 1350 1429 eos,
1381 1379 1460 1433 quc·
1485 1380 1532 1419 z‘n
1563 1380 1678 1420 urbe

250 1463 404 1508 erant,
434 1452 650 1512 Apostolo
680 1453 846 1494 utitur.
912 1455 1156 1497 Ταπεινῶν
1187 1454 1332 1510 ἐστιν,
1371 1455 1510 1511 inquit
1546 1455 1675 1498 Torn.

247 1538 304 1578 II.
337 1535 402 1576 ed.
433 1543 564 1574 nostr.
595 1547 689 1587 pag.
722 1529 789 1574 50.
820 1529 902 1581 51.²
935 1529 956 1574 ὁ
991 1529 1110 1584 θεὸς,
1134 1557 1184 1563 -
1216 1558 1297 1587 -,
1340 1535 1418 1575 καὶ
1458 1533 1675 1592 ἀπεγνω-

248 1617 431 1669 σμένων
461 1608 621 1667 σωτήρ.
685 1610 838 1652 Οἱονεὶ
880 1608 929 1652 δὲ
969 1610 1045 1651 καὶ
1079 1607 1319 1667 ἀποστόλῳ
1348 1607 1463 1666 πρὸς
1491 1609 1594 1660 τοὺς
1625 1612 1675 1654 ἐν

247 1694 297 1752 τῇ
329 1688 459 1743 πόλει
482 1689 650 1745 χρῆται
681 1688 731 1746 τῇ
763 1688 948 1742 γυναικὶ
979 1683 1131 1745 ταύτῃ.

358 1766 434 1808 His
465 1763 592 1823 adjici
621 1775 801 1820 possunt
829 1763 910 1805 alia
939 1761 1184 1805 testimonia
1214 1763 1366 1805 veteris
1397 1765 1671 1816 Testamenti,

245 1844 432 1886 divinam
461 1854 654 1884 naturam
685 1841 905 1884 manifeste
937 1840 1234 1895 significantia,
1265 1858 1371 1897 quae
1401 1843 1453 1883 ab
1485 1842 1668 1895 Origene

242 1923 296 1962 ad
342 1920 556 1963 Christum
601 1919 856 1961 referuntur.
934 1920 1078 1960 Docet
1121 1918 1247 1960 Tom.
1277 1919 1375 1962 XII.
1420 1919 1464 1960 in
1515 1920 1665 1962 Matth.

240 2014 355 2040 num.
386 1997 480 2050 43„
508 1995 681 2039 Filium
709 1996 808 2039 Dez'
831 1998 1057 2039 monuisse
1086 1995 1263 2047 Mosen,
1299 1997 1531 2051 ipsumque
1560 2009 1667 2047 esse,

240 2077 322 2131 qui
351 2075 398 2116 ei
423 2071 569 2116 dixit.-
609 2074 736 2123 „Non
751 2073 794 2129 2)
838 2074 948 2115 enim
979 2073 1141 2115 videbit
1169 2073 1300 2113 homo
1331 2071 1484 2113 faciem
1513 2089 1665 2123 meam,

239 2164 281 2193 et
311 2151 466 2194 vivet.“
524 2151 574 2191 In
606 2149 809 2192 exhortat.
850 2152 903 2192 ad
933 2152 1109 2208 Martyr.
1140 2166 1256 2190 num.
1288 2148 1327 2192 9.
1360 2148 1464 2190 dicit
1495 2149 1666 2191 Primo-

235 2228 400 2283 genitus
430 2227 568 2269 omnis
599 2239 826 2279 creaturae,
855 2244 899 2269 se
925 2245 1012 2269 esse
1036 2228 1178 2268 Deum
1198 2227 1420 2268 zelantem.
1437 2228 1480 2282 ³)
1541 2227 1664 2286 Ejus—

235 2307 334 2348 dem
366 2321 453 2347 esse
481 2304 564 2346 hoc
596 2304 758 2345 dictum
787 2315 909 2360 putat
939 2305 1164 2358 Origenes:
1196 2304 1313 2360 „Ipsi
1327 2303 1370 2358 ⁴)
1402 2320 1471 2345 me
1501 2320 1661 2360 provo-

234 2393 435 2424 caverunt
461 2381 506 2422 in
536 2397 612 2433 eo,
651 2381 724 2439 qui
751 2398 838 2423 non
871 2393 960 2423 erat
987 2383 1168 2436 Deus,“
1208 2393 1285 2423 etc.
1345 2382 1462 2423 Haec
1493 2382 1578 2423 dici
1611 2399 1659 2424 ex

225 2472 430 2517 persona
471 2457 649 2502 Christi
684 2459 898 2500 contendit
939 2459 1013 2502 lib.
1045 2460 1099 2501 ΙΙ.
1141 2460 1233 2501 adv.
1278 2459 1388 2500 Cels.
1429 2477 1545 2503 num.
1588 2461 1654 2505 78.

233 2535 442 2578 Christum
472 2552 616 2589 regem
649 2553 736 2578 esse
766 2536 950 2590 gloriae,
982 2548 1023 2578 et
1051 2536 1287 2578 Dominum
1317 2537 1473 2578 fortem
1505 2549 1546 2578 et
1574 2553 1655 2594 po-

345 2711 385 2767 ¹)
419 2710 505 2752 Cfr.
537 2710 693 2756 Psalm.
723 2712 930 2762 XXXIII,
962 2711 1026 2755 15.
1061 2711 1289 2768 (XXXII.)

340 2780 385 2834 2)
415 2779 553 2821 Exod.
585 2781 785 2833 XXXIII,
816 2781 884 2825 20.
1005 2783 1048 2839 3)
1084 2783 1169 2826 Cfr.
1200 2780 1337 2824 Exod.
1369 2781 1465 2833 XX,
1494 2782 1533 2825 5.

339 2849 382 2910 ⁴)
413 2850 501 2895 Cfr.
529 2851 661 2893 Deut.
690 2851 872 2905 XXXII,
899 2851 969 2897 21.
