1759 3125
204 115 288 161 398
744 110 981 153 Excunsns
1011 108 1083 148 VI.

207 226 349 269 omnia
379 236 462 275 est,
493 235 542 264 ut
573 223 700 263 docet
730 222 958 275 Origenes,
987 235 1260 276 quaecunque
1292 229 1354 258 est
1385 216 1533 265 Pater3
1569 213 1627 254 ita

207 304 391 362 Spiritus
419 312 583 343 sanctus
616 299 756 340 omnia
797 310 882 349 est,
931 304 1206 355 quaecunque
1246 295 1407 344 Filius,
1449 301 1626 346 excepto

206 379 487 435 generationis
519 389 560 418 et
590 377 871 433 processionis
903 374 1162 416 discrimine:
1197 385 1238 414 et
1266 368 1627 428 quemadmodum

205 460 332 500 Pater
363 456 506 497 omnia
535 471 608 495 sua
636 454 749 496 Filio
782 452 977 502 tradidit,
1023 463 1069 492 ut
1110 450 1212 491 alibi
1253 449 1438 490 declarat
1477 444 1629 498 Orige-

203 552 301 586 nes3
331 535 388 576 ita
419 531 598 589 Spiritui
633 543 775 572 sancto
808 529 949 571 omnia
979 545 1057 584 per
1078 528 1241 569 Filium
1271 543 1293 566 a
1322 526 1448 566 Patre
1478 521 1631 565 tradita

207 631 255 656 ex
287 613 475 671 ejusdem
505 609 725 666 principiis
755 606 992 648 necessario
1024 607 1348 646 demonstratur.
1409 601 1495 643 Cfr.
1524 600 1631 640 Pru-

207 694 320 734 dent.
352 691 502 732 Maran
534 689 586 729 de
618 686 836 728 divinitate
868 684 1025 726 Christi
1055 683 1129 726 lib.
1147 683 1215 725 IV.
1248 698 1337 738 cap.
1366 678 1429 724 16.
1458 694 1573 719 num.
1589 675 1629 719 9.

682 1031 1013 1090 Exeursus
1050 1031 1149 1088 Vl.

617 1168 734 1226 (Cfr.
775 1185 866 1225 pag.
898 1168 992 1212 207.
1034 1178 1122 1208 not.
1154 1165 1219 1222 1.)

319 1287 383 1327 Ex
424 1286 505 1325 hoc
546 1282 816 1331 testimonio,
864 1293 905 1322 et
935 1280 1027 1320 aliis
1064 1280 1173 1319 infra
1211 1277 1425 1327 adductis,
1470 1277 1633 1333 perspi-

209 1382 336 1407 cuum
376 1377 464 1403 esse
503 1371 624 1416 putat
664 1358 864 1407 Huetius,
913 1357 1018 1398 Filii
1055 1356 1316 1414 majestatem
1356 1355 1408 1394 ab
1449 1353 1633 1406 Origene

207 1441 374 1491 violari,
403 1452 451 1480 ut
482 1438 556 1494 qui
584 1438 755 1478 Patrem
787 1434 937 1492 majori
967 1450 1108 1491 prece,
1139 1433 1300 1475 Filium
1330 1432 1488 1473 minori
1516 1448 1633 1472 com-

206 1519 457 1579 pellandum
487 1517 660 1565 doceat,
691 1530 738 1555 ac
767 1513 940 1554 Patrem
969 1512 1167 1569 proprie,
1203 1510 1368 1552 Filium
1397 1510 1633 1567 improprie

210 1596 322 1639 orari
352 1593 574 1636 existimet.
633 1593 719 1636 Sed
753 1590 946 1644 Origenis
985 1589 1193 1631 sententia
1234 1587 1375 1635 exlhis
1406 1589 1632 1629 verborum

209 1673 389 1732 spinosis
421 1672 664 1725 ambagibus
704 1670 952 1712 evolvenda.
1022 1666 1244 1710 Pontificis
1288 1683 1464 1720 munus,
1517 1667 1634 1723 quod

209 1753 354 1793 Verbo
400 1751 538 1791 defert
577 1748 804 1802 Origenes,
845 1759 1048 1804 quatenus
1084 1751 1152 1787 est
1187 1745 1516 1801 propz'tz'atz'o¹)
1544 1757 1632 1801 pro

209 1830 411 1886 peccatis
442 1829 635 1877 nostris,
676 1843 770 1867 cum
808 1825 1071 1866 manifestam
1111 1825 1263 1864 haheat
1304 1839 1400 1862 cum
1444 1823 1635 1864 incarna-

211 1908 328 1948 tione
377 1905 756 1956 necessitudinem,
802 1903 1058 1960 reprehendi
1112 1902 1286 1943 omnino
1348 1917 1436 1942 non
1479 1913 1633 1957 potest.

211 1984 323 2039 Quia
351 1995 492 2023 tamen
522 1982 726 2035 Origenes
758 1999 853 2023 cum
884 1981 1077 2038 pluribus
1108 1979 1150 2019 in
1181 1978 1310 2028 locis,
1355 1990 1445 2019 tum
1477 1979 1519 2019 in
1549 1979 1634 2019 alio

210 2079 259 2103 ex
293 2062 446 2102 eodem
477 2059 587 2100 libro
618 2061 668 2101 V.
701 2071 847 2100 contra
871 2059 1042 2100 Celsum
1071 2074 1183 2098 num.
1208 2057 1288 2106 11.,
1319 2057 1509 2096 Verbum
1540 2067 1634 2096 ante

210 2138 542 2180 incarnationem
583 2137 863 2177 mediatorem
903 2135 1051 2185 fuisse,
1094 2147 1134 2175 et
1175 2150 1196 2174 a
1226 2134 1353 2174 Patre
1383 2134 1435 2174 ad
1466 2146 1633 2175 sanctos

210 2215 404 2257 homines
428 2215 601 2255 missum
632 2215 815 2255 declarat
844 2213 907 2253 his
938 2213 1095 2253 verbis:
1139 2211 1347 2265 Quisquis
1384 2223 1430 2252 es
1459 2216 1632 2264 tamen,

205 2305 406 2350 precare
447 2291 653 2343 Verbum,
682 2289 801 2348 quod
826 2303 999 2332 sanare
1030 2296 1076 2331 te
1098 2295 1271 2344 potest:
1304 2293 1349 2327 et
1381 2287 1523 2328 multo
1546 2301 1631 2343 po-

214 2373 307 2412 tius
331 2382 529 2427 precare
558 2371 654 2426 ejus
685 2369 892 2420 Patrem,
923 2367 1144 2424 (εὐχέσθω
1168 2368 1228 2421 τῷ
1254 2363 1400 2421 Λόγῳ
1421 2368 1501 2408 τοῦ
1517 2369 1630 2409 θεοῦ

214 2449 458 2503 δυναμένῳ
485 2445 626 2490 αὐτὸν
653 2444 892 2490 ἰάσασθαι·
934 2448 1010 2488 καὶ
1040 2446 1194 2500 πολλῷ
1224 2447 1368 2486 πλέον
1400 2447 1460 2499 τῷ
1492 2447 1632 2501 πατρὶ

213 2524 390 2580 αὐτοῦ,)
429 2526 508 2580 qui
552 2531 599 2567 et
647 2521 714 2566 ad
752 2526 963 2580 antiquos
994 2524 1148 2579 justos
1194 2523 1318 2563 mz‘sz't
1334 2521 1377 2576 2)
1439 2519 1632 2564 Verbum

211 2615 358 2655 suum,
387 2609 435 2644 et
462 2604 653 2644 sanavit
682 2614 768 2655 eos,
799 2607 845 2643 et
875 2602 1046 2657 eripuit
1076 2612 1148 2642 eos
1178 2598 1233 2641 de
1261 2596 1633 2655 corruptionibus

214 2692 396 2722 eorum:
439 2679 476 2721 si
515 2679 606 2736 quis
646 2680 748 2721 velit
786 2680 868 2720 hoc
908 2678 1121 2736 pontificis
1162 2694 1313 2719 munus
1353 2678 1404 2719 ab
1445 2676 1628 2731 Origene

333 2863 375 2915 ¹)
408 2863 427 2901 Ι
459 2863 609 2905 Joann.
640 2863 696 2912 II,
726 2862 767 2904 2.
884 2861 927 2915 2)
958 2860 1111 2902 Psalm.
1143 2860 1275 2910 CVII,
1305 2858 1370 2903 20.
1402 2859 1557 2915 (CVI.)
