1759 3125
460 107 849 149 Omenmmonum
877 106 1018 148 Lama
1046 107 1102 147 Π,
1392 108 1472 152 261

61 222 128 263 dat
160 221 241 276 ipsi
270 218 536 274 Theophilus
572 219 880 260 Alexandrinus
915 220 1035 275 epist.
1066 219 1210 260 Pasch.
1239 218 1305 271 2.,
1335 220 1404 261 dat
1434 232 1477 260 et

59 296 317 354 Epiphanius
354 295 396 335 in
436 295 809 350 Anacephalaeosi.
868 295 1130 348 Augustinus
1158 295 1202 335 in
1230 294 1342 335 libro
1373 311 1475 335 con-

57 388 119 416 tra
147 372 484 415 Priscillianistas
525 383 568 412 et
599 372 857 425 origenistas
895 373 940 413 id
970 373 1131 428 ipsum,
1161 384 1209 413 ut
1238 374 1291 412 ab
1322 371 1473 423 Orige-

51 451 169 492 nistis
197 461 412 498 assertum,
442 448 658 503 impugnat
690 465 778 504 cap.
806 450 843 492 7.
902 448 1035 503 Quod
1067 466 1162 490 cum
1191 449 1235 489 in
1266 449 1471 490 Commo-

50 526 207 568 nitorio
240 526 408 575 Orosii,
450 525 516 565 cui
546 525 628 565 hoc
656 526 806 567 libello
835 527 1066 582 respondet
1096 526 1378 579 Augustinus,
1405 525 1472 566 in-

50 616 114 645 ter
141 602 242 643 alias
272 603 468 643 adversus
494 602 753 654 origenistas
782 603 1096 644 criminationes
1124 603 1254 643 hodie
1283 619 1370 642 nou
1401 619 1471 643 ex·-

49 692 154 730 stet,
192 681 332 736 aliqua
363 680 426 720 sui
457 691 576 735 parte
606 680 857 720 mulctatum
889 696 977 721 esse
1008 679 1278 738 conjecerim.
1335 679 1467 720 Justi-

47 757 193 798 nianus
236 773 407 813 quoque
451 756 493 796 in
534 756 713 811 epistola
751 758 804 797 ad
841 757 1030 813 quintam
1068 757 1300 814 synodum,
1338 772 1464 812 quam

44 836 176 875 refert
206 834 440 882 Cedrenus,
478 834 663 873 futuram
694 848 836 874 rerum
867 834 1060 875 omnium
1092 833 1466 878 ἀποκατάστασιν

45 911 295 964 origenistis
326 910 550 968 objiciens,
581 911 773 951 arbitrari
805 927 878 952 eos
907 912 986 963 ait,
1016 913 1112 953 fore
1140 925 1188 954 ut
1215 912 1341 968 impii
1371 910 1464 968 qui-

43 989 150 1030 libet
179 1006 275 1029 cum
290 989 388 1028 Deo
421 986 738 1043 conjungantur,
771 989 923 1029 eodem
953 991 1102 1040 modo,
1132 1005 1218 1045 quo
1247 988 1330 1044 ipsi
1361 1004 1463 1028 con-

41 1065 226 1125 jungitur
255 1064 456 1114 Christus,
486 1064 543 1105 ita
573 1076 619 1105 ut
648 1065 768 1121 prius
798 1066 1015 1123 conjuncti
1045 1077 1186 1107 eraut:
1207 1063 1285 1114 (Ως
1313 1065 1461 1121 μηδε-

43 1149 157 1202 μίαν
186 1140 300 1187 εἶναι
334 1141 570 1200 διαφορὰν
599 1144 660 1198 τῷ
691 1146 878 1199 ,Χριστῷ
908 1142 1023 1202 πρὸς
1050 1144 1104 1187 πὶ
1135 1141 1274 1186 λοιπαὶ
1295 1138 1459 1198 loyen&

40 1224 284 1274 παντελῶς,
318 1216 418 1263 οὔτε
449 1221 498 1279 τῇ
532 1218 686 1275 οὐσίᾳ,
719 1216 818 1263 οὔτε
850 1223 899 1280 τῇ
931 1219 1123 1277 γνώσει,
1156 1215 1255 1264 οὕτε
1287 1220 1337 1278 τῇ
1370 1219 1455 1260 δυ-

41 1298 190 1355 νάμει,
225 1295 324 1342 οὔτε
354 1300 404 1356 Ὶῇ
437 1298 658 1353 ἐνεργείᾳ.
714 1298 941 1355 Jactant1)
979 1298 1062 1339 hoc
1104 1297 1218 1338 idem
1256 1296 1456 1336 adversus

41 1377 268 1428 Origenem
326 1385 368 1415 et
415 1373 675 1426 Origenistas
728 1375 996 1431 Sophronius
1039 1372 1456 1430 Hierosolymitanus

39 1453 264 1509 episcopus
292 1451 336 1492 in
368 1449 547 1508 epistola
587 1451 637 1490 ad
671 1451 864 1504 Sergium
904 1453 1185 1508 patriarcham
1216 1448 1457 1492 Constanti-

37 1531 360 1586 nopolitanum‚
404 1540 446 1570 et
475 1531 722 1586 Anonymus
752 1529 825 1570 ille
856 1530 999 1571 Photii
1029 1530 1136 1571 Cod.
1169 1528 1279 1576 117.⁷
1309 1539 1349 1567 et
1378 1527 1458 1566 Jo—

38 1623 164 1648 annes
194 1606 479 1648 Damascenus
509 1606 551 1646 in
583 1606 680 1648 libr.
712 1607 764 1647 de
795 1607 982 1658 Haeres„
1014 1620 1054 1648 et
1084 1608 1270 1648 Zonaras
1300 1605 1394 1644 libr.
1411 1603 1453 1645 2.

35 1685 212 1733 Histon,
244 1695 284 1724 et
315 1683 459 1725 Guido
492 1683 733 1734 Carmeffla,
764 1683 806 1724 in
836 1685 1011 1725 Haeresi
1044 1683 1389 1736 Origenistarum.

148 1762 265 1802 Idem
302 1760 383 1801 fuit
411 1772 510 1815 post
541 1760 769 1813 Origenem
799 1762 994 1802 BIarcelli
1025 1762 1248 1818 Ancyrani,
1279 1758 1453 1815 ejusque

39 1837 252 1893 discipuli,
282 1837 455 1878 Photini
487 1853 625 1888 error;
664 1838 734 1893 qui
772 1849 818 1878 ut
855 1839 1157 1878 humanitatem
1197 1835 1394 1876 relictum
1428 1851 1451 1874 a

36 1915 203 1958 Christo
244 1931 293 1955 ac
327 1914 569 1970 depositum
599 1914 675 1965 iri,
714 1932 762 1955 ac
799 1931 973 1967 regnum
1004 1914 1210 1970 proinde,
1254 1912 1368 1967 quod
1400 1911 1452 1950 ad

38 1993 275 2042 Christum,
319 2009 398 2048 qua
431 1992 562 2032 homo
595 2003 677 2041 est,
722 1991 932 2046 pertinet,
981 1990 1282 2031 dimittendum
1313 1989 1365 2028 ab
1396 2003 1449 2028 eo

37 2071 289 2122 sentiebant3
329 2068 387 2109 ita
419 2067 619 2121 Origeni‚
656 2079 754 2123 post
783 2068 1026 2108 attributam
1057 2067 1312 2108 deserendae
1344 2064 1449 2105 olim

36 2164 58 2189 a
86 2147 250 2190 Christo
283 2145 416 2187 carnis
446 2146 712 2195 sementiam,
736 2157 783 2186 ut
812 2162 936 2201 supra
959 2145 1153 2194 diximus,
1181 2161 1293 2185 nunc
1319 2143 1448 2183 altera

36 2241 201 2280 quoque
239 2223 306 2264 illi
343 2222 619 2272 consectaria,
662 2222 888 2280 abjiciendi
934 2222 1163 2278 aliquando
1203 2223 1257 2262 ab
1295 2222 1449 2261 eodem

35 2302 173 2354 regni,
208 2300 470 2341 adscribitur.
531 2299 782 2356 Quanquam
821 2300 1015 2341 nonnihil
1044 2298 1262 2353 utriusque
1294 2297 1449 2338 discre-

19 2370 106 2434 'pat
135 2394 296 2428 caussa3
325 2393 420 2418 nam
453 2377 564 2429 regia
598 2390 804 2433 potestate
823 2377 1074 2418 humanitati
1094 2392 1191 2416 suae
1223 2374 1447 2432 conjuncta

37 2467 203 2495 exutum
232 2454 286 2494 iri
317 2454 528 2496 Christum
559 2455 765 2496 sentiebat
793 2455 1043 2504 Marcellus;
1084 2453 1311 2505 origenem
1344 2469 1445 2492 vero

36 2549 234 2586 regnum,
275 2548 360 2587 quo
399 2543 598 2587 tanquam
646 2533 765 2573 Deus
798 2532 981 2587 potitur,
1019 2530 1309 2572 abdicaturum
1348 2546 1445 2570 eum

39 2609 244 2650 censuisse
264 2609 528 2665 Theophilus
559 2609 752 2658 credidit,
784 2610 1144 2665 quemadmodum
1162 2625 1209 2649 ex
1227 2607 1313 2664 ejus
1345 2623 1443 2647 cou-

160 2839 198 2891 ¹)
234 2839 317 2880 Csr.
354 2841 441 2881 Act,
478 2843 539 2885 11,
572 2845 715 2897 synod.
748 2845 783 2886 b.
