1759 3125
255 83 310 127 92
671 82 813 124 Parni
845 83 1058 124 Dmmms
1091 83 1257 125 Hussrn

254 197 434 237 ticerent
465 194 659 248 Origenis
688 195 935 246 adversarii,
975 190 1090 251 quod
1133 196 1231 236 licet
1271 196 1604 236 sacrificaturum
1635 212 1677 235 se

254 273 507 329 recepisset,
547 289 633 313 non
674 273 762 328 ipse
801 284 962 321 tamen,
1003 274 1076 312 sed
1117 273 1188 328 qui
1223 290 1317 312 cum
1352 272 1676 312 circumstabant

254 351 451 392 facinoris
482 362 676 390 auctores
709 362 749 390 et
775 350 1051 406 impulsores,
1091 350 1283 390 manibus
1326 349 1411 406 ejus
1444 348 1677 403 apprehen-

253 429 306 469 sis
339 440 377 468 et
411 427 606 477 excussis,
648 426 728 482 ipsi
770 428 1013 467 viderentur
1054 428 1152 467 foco
1185 427 1279 467 thus
1310 426 1519 466 intulisse:
1563 426 1678 480 quod

256 505 356 546 licet
386 506 437 545 ab
471 504 646 545 ecclesia
679 504 823 545 fuisset
855 506 910 543 ob
945 519 1036 543 eam
1069 520 1255 543 caussam
1287 503 1443 559 ejectus
1467 501 1677 542 Demetrii

257 581 628 637 compluriumque
676 580 974 636 episcoporum
1016 579 1203 638 judicio,
1252 582 1302 620 ab
1349 580 1586 620 Alexandro
1618 590 1678 618 ta-

254 676 365 709 men,
397 671 437 699 et
453 657 704 700 Theoctisto
729 657 942 712 episcopis
963 669 1077 699 tanta
1109 670 1215 698 esset
1246 656 1414 698 caritate
1445 666 1676 710 susceptus,

254 735 426 792 ejusque
455 734 739 791 patrocinium
778 745 895 774 tanto
936 735 1076 775 studio
1110 736 1356 790 complexae
1396 744 1531 773 essent
1573 737 1676 772 Ara-

251 813 360 863 biae,
391 812 671 861 Palaestinae,
703 810 983 862 phoeniciae,
1016 826 1057 852 et
1089 812 1267 852 Achaiae
1299 810 1524 858 ecclcsiae,
1555 821 1600 849 ut
1631 825 1678 849 ea

252 907 298 931 re
331 892 419 930 sere
453 888 639 929 criminis
672 888 868 943 depulsio
902 889 1210 939 contineretur3
1244 889 1360 944 qnod
1392 887 1492 927 licet
1522 887 1677 942 capita-

255 968 304 1008 lis
335 970 387 1008 sit
418 968 484 1006 vel
519 965 655 1006 tenuis
687 965 889 1006 admissae
921 965 1191 1006 idololatriae
1222 965 1432 1021 suspicio,
1472 976 1513 1004 et
1543 964 1676 1016 gravi-

255 1057 317 1085 ter
345 1060 539 1100 peccasse
572 1043 799 1095 Origenem
839 1043 1057 1083 fatendum
1096 1043 1170 1092 sit,
1210 1043 1384 1083 minime
1426 1054 1564 1082 tamen
1596 1043 1676 1082 hoc

252 1122 425 1163 nomine
455 1133 598 1177 posset
629 1121 835 1170 accusari,
880 1120 981 1176 quin
1023 1120 1110 1177 ejus
1148 1120 1291 1172 ingens
1331 1119 1559 1176 pudicitiae
1590 1131 1677 1159 stu-

255 1201 371 1240 dium
402 1216 483 1239 una
523 1199 859 1254 praedicaretur:
901 1199 1016 1252 quod
1060 1197 1244 1253 denique
1283 1197 1383 1237 diris
1421 1198 1497 1236 sub
1536 1195 1674 1235 Decio

253 1277 450 1330 singulari
494 1277 725 1317 constantia
764 1274 955 1316 toleratis
998 1275 1242 1324 tormentis,
1298 1273 1452 1330 prioris
1492 1273 1676 1313 criminis

254 1371 404 1395 noxam
436 1355 532 1395 satis
566 1355 816 1404 correxisse,
862 1352 1035 1409 ejusque
1069 1351 1194 1391 luisse
1226 1367 1405 1407 poenas,
1455 1362 1495 1390 et
1534 1350 1669 1405 pristi-

253 1449 347 1473 nam
380 1432 606 1472 mollitiem
641 1432 825 1487 expiasse
857 1430 1083 1470 videretur.
1140 1430 1280 1483 Atque
1312 1428 1461 1468 iisdem
1494 1429 1582 1467 sere
1613 1443 1676 1467 ra—

254 1644 496 1694 assensisse,
543 1654 590 1683 ut
629 1640 899 1682 idololatriae
947 1657 1043 1681 reus
1085 1641 1310 1680 haberetur
1349 1639 1575 1692 Origene5‚
1626 1656 1674 1680 ac

253 1703 435 1757 proinde
467 1712 514 1740 ut
542 1698 830 1755 poenitentiae
863 1697 1035 1753 publice
1075 1697 1375 1755 subjiceretur,
1408 1709 1448 1737 et
1477 1697 1675 1736 sacerdo-

252 1758 301 1798 tii
333 1757 532 1810 dignitate
564 1756 653 1813 jure
685 1772 735 1805 ac
761 1755 914 1795 merito
948 1754 1179 1794 excideret:
1211 1771 1287 1794 nec
1319 1754 1477 1793 crimen
1501 1752 1675 1793 minuis-

253 1826 316 1855 set
346 1815 433 1871 ejus
464 1813 694 1869 pudicitiae
726 1811 935 1860 studium,
967 1810 1232 1866 quantumvis
1265 1811 1428 1850 dicatur
1456 1810 1554 1850 inde
1587 1811 1675 1849 elu-

253 1887 361 1911 cere.
420 1870 643 1922 Egregiam
675 1885 775 1909 vero
807 1867 1079 1923 pudicitiam,
1112 1883 1215 1922 quae
1247 1866 1520 1918 abnegatione
1555 1866 1675 1907 Chri-

252 1927 305 1967 sti
335 1926 591 1967 servaretur!
630 1926 767 1966 Porro
806 1924 840 1964 si
881 1926 936 1964 ob
969 1941 1058 1963 eam
1092 1940 1257 1963 causam
1286 1924 1434 1963 fuisset
1462 1921 1674 1962 Demetrii

254 1982 623 2038 compluriumque
655 1983 956 2036 episcoporum
987 1979 1144 2036 judicio
1177 1982 1228 2020 ab
1271 1978 1446 2019 eeclesia
1474 1980 1671 2018 sacerdo-

253 2040 399 2095 tioque
433 2039 639 2093 dejectus,
668 2055 767 2078 num
799 2038 843 2077 id
873 2036 1133 2088 ignorassent
1163 2036 1366 2084 Arabiae,
1396 2035 1670 2086 Palaestinae,

253 2096 508 2136 Phoeniciae
548 2106 588 2134 et
627 2094 807 2151 Achaiae
857 2092 1056 2133 ecclesiae
1106 2091 1348 2146 praesules?
1405 2091 1479 2132 Sin
1519 2091 1671 2141 minus,

254 2153 474 2207 quomodo
508 2167 669 2191 causam
703 2150 789 2206 ejus
819 2149 1119 2203 suscepissent,
1149 2148 1419 2203 praedicandi
1449 2165 1600 2188 munus
1632 2148 1671 2188 ei

255 2209 581 2250 commisissent.
625 2208 789 2262 aliaque
827 2205 1052 2246 sacerdotii
1091 2204 1153 2244 sui
1193 2204 1334 2244 munia
1367 2204 1486 2244 obire
1517 2204 1673 2260 permi-

253 2265 435 2306 sissent?
495 2264 692 2306 Criminis
735 2279 832 2314 ergo
874 2261 993 2317 hujus
1034 2261 1192 2301 salsitas
1230 2260 1296 2302 vel
1340 2278 1386 2300 ex
1428 2278 1474 2301 ea
1505 2277 1549 2301 re
1580 2262 1671 2301 sola

256 2324 407 2372 elucet,
442 2323 555 2377 quod
590 2321 815 2372 Origenem
847 2330 957 2358 tanta
990 2335 1083 2357 cum
1118 2317 1284 2357 caritate
1316 2318 1575 2373 susceperint
1605 2317 1670 2357 illi

254 2380 458 2434 episcopi,
492 2378 662 2435 ejusque
695 2375 977 2432 patrocinium
1011 2386 1128 2414 tanto
1160 2374 1301 2413 studio
1323 2374 1535 2429 complexi
1564 2374 1669 2425 sint;

252 2453 299 2476 ac
330 2436 511 2490 proinde
542 2451 627 2474 non
659 2445 836 2488 propter
867 2448 953 2480 eaS,
996 2448 1095 2486 quas
1126 2431 1304 2471 Huetius
1330 2432 1475 2480 aslert,
1515 2446 1670 2479 causas,

253 2494 358 2532 hanc
400 2493 450 2531 de
493 2490 686 2542 Origenis
724 2487 968 2530 idololatria
1014 2487 1233 2528 historiam
1279 2487 1539 2527 reticuerunt
1581 2486 1668 2543 ejus

251 2547 497 2596 adversarii,
539 2548 613 2587 sed
655 2546 751 2602 quia
788 2546 893 2586 nihil
933 2544 1015 2584 tale
1054 2561 1240 2599 unquam
1273 2543 1447 2595 Origeni
1478 2543 1667 2594 contigit.

253 2607 389 2646 Porro
435 2605 550 2659 quod
595 2605 750 2644 factum
796 2619 881 2642 non
915 2612 1025 2651 erat,
1076 2618 1200 2656 quam
1243 2602 1297 2640 ob
1328 2617 1418 2640 rem
1449 2601 1669 2655 quisquam

256 2673 472 2702 excusaret
509 2659 616 2700 ratio
656 2660 772 2700 nulla
810 2658 902 2698 fuit.
974 2658 1076 2698 Inde
1119 2674 1195 2714 par
1225 2658 1338 2712 apud
1370 2656 1563 2708 Origenis
1596 2658 1668 2696 de—

254 2722 443 2759 fensores
468 2734 521 2757 -ea
556 2718 605 2756 (le
638 2734 681 2757 re
712 2716 937 2756 silentium.
1006 2714 1116 2755 Hinc
1145 2730 1196 2755 ne
1228 2713 1313 2770 γρύ
1345 2712 1515 2768 quidem
1550 2713 1669 2768 hujus

254 2777 364 2830 apud
402 2775 651 2824 Eusebium3
692 2790 767 2813 nec
810 2771 920 2812 enim
954 2772 1018 2810 vel
1054 2771 1093 2811 in
1126 2771 1213 2826 ipsa
1246 2787 1322 2825 pro
1355 2770 1537 2821 Origene
1568 2785 1671 2824 apo-

256 2831 365 2884 logia
400 2830 518 2887 hujus
541 2830 797 2870 mentionem
821 2828 966 2869 secisse
997 2827 1175 2877 videtur,
1206 2839 1251 2867 ut
1282 2827 1361 2882 jam
1394 2826 1588 2866 diximus.
1620 2826 1669 2866 R.
