1759 3125
454 119 843 159 OfflossMANORUm
874 117 1016 158 LlssER
1048 116 1101 157 11.
1394 118 1478 162 275

57 233 235 288 angelis
254 233 363 287 eJus,
389 231 723 284 contrariisque
741 231 991 272 virtutibus
1015 228 1325 270 ecclesiastica
1338 240 1474 283 prae-

57 308 226 351 dicatio
257 307 424 357 docuit,
456 309 670 362 quoniam
689 308 726 363 ¹)
756 314 863 348 sunt
895 304 1097 362 quidem:
1125 302 1207 346 sed
1235 302 1344 359 quid
1368 306 1474 355 sint,

57 393 142 426 aut
181 383 395 439 quomodo
434 386 550 438 sint,
602 397 692 424 nou
731 385 845 425 satis
884 383 1011 424 clare
1050 383 1273 438 exposuit.
1340 380 1480 438 Apud

50 462 272 517 plurimos
305 467 459 502 tamen
491 463 584 503 ista
610 458 809 502 liabetur
827 462 990 517 opinio,
1022 455 1142 514 qnod
1167 458 1360 514 angelus
1363 458 1477 512 fue-

55 540 120 578 rit
150 539 236 579 iste
270 535 492 589 diabolus,
524 546 569 581 et
601 545 821 595 apostata
849 537 1056 590 effectus,
1088 548 1228 592 quam
1254 535 1477 591 plurimos

55 615 329 670 angelorum
366 628 518 657 secum
559 614 793 657 declinare
825 615 1129 671 persuaserit,
1174 615 1256 667 quz·
1280 620 1325 654 et
1356 625 1478 655 nunc

53 692 245 747 usque²)
279 693 441 747 angele·
466 695 605 749 fpslus
636 699 980 748 nuncupantur.
1039 689 1251 731 Proclivis
1269 706 1366 743 ergo
1390 701 1478 731 erat

54 768 228 821 Origeni
261 768 301 809 in
327 786 371 809 re
404 769 563 810 lubrica
602 782 643 810 ct
680 769 839 809 incerta
871 769 1031 824 lapsus,
1071 777 1241 822 promta
1272 778 1314 807 et
1341 766 1478 807 facilis

54 844 97 885 in
130 846 313 886 tenebris
347 847 545 887 offensio.
605 847 660 886 Et
700 845 780 885 fuit
817 862 914 886 sane
944 844 1191 900 multiplex,
1233 844 1332 884 dum
1363 843 1479 896 inge-

52 921 125 962 nio
158 939 233 962 suo
265 922 389 962 nimis
421 923 600 964 confisus
633 934 745 963 extra
778 924 890 963 oleas
924 937 1227 977 nonnunquam
1250 921 1477 974 divagatur.

54 999 226 1051 Singula
258 1000 325 1039 hic
357 1001 574 1040 enucleate
606 999 866 1039 discutienda
898 1011 1005 1040 sunt.

165 1078 219 1118 Π.
282 1076 582 1130 Quaerendum
614 1075 757 1132 priore
790 1076 888 1115 loco
920 1075 1030 1116 illud
1062 1086 1134 1124 est,
1168 1090 1250 1130 quo
1283 1086 1477 1130 tempore

53 1154 224 1206 angelos
255 1169 276 1193 a
307 1153 403 1193 Deo
438 1153 632 1193 conditos
663 1153 867 1205 Origenes
899 1151 1110 1204 statuerit3
1140 1168 1278 1207 neque
1310 1152 1479 1204 angelos

54 1232 263 1281 duntaxat,
294 1231 368 1271 sed
399 1230 573 1270 rationis
605 1230 729 1270 etiam
761 1229 989 1285 participes
1018 1240 1189 1269 naturas
1209 1244 1367 1277 omnes,
1397 1227 1484 1268 sive

54 1310 293 1357 daemones,
325 1308 410 1348 sive
443 1308 640 1347 humanas
672 1307 841 1357 animas,
873 1306 959 1347 sive
991 1306 1092 1346 alias
1117 1321 1406 1360 quascunque:
1431 1330 1483 1337 —

51 1402 147 1426 nam
179 1397 221 1425 et
252 1385 349 1424 alias
383 1385 605 1440 plerasque
638 1383 814 1424 rationis
857 1394 1079 1438 compotes
1122 1398 1208 1422 esse
1251 1382 1378 1423 sensit
1409 1398 1485 1422 —:

54 1462 256 1518 quoniam
287 1461 476 1517 ejusdem
510 1477 575 1500 cas
608 1477 756 1500 omnes
789 1477 877 1501 esse
909 1453 1020 1500 intor
1049 1477 1092 1500 se
1123 1470 1310 1508 naturae,
1340 1470 1383 1499 et
1414 1474 1486 1499 eo-

55 1540 152 1579 dem
186 1550 379 1594 tempore
412 1555 432 1578 a
464 1539 560 1578 Deo
594 1537 808 1587 conditas,
850 1549 1024 1593 tumque
1066 1536 1194 1577 fuisse
1236 1534 1366 1585 νότις,
1405 1536 1487 1577 hoc

55 1629 129 1666 cst,
160 1627 346 1667 mente-53
393 1615 545 1655 deinde
586 1631 686 1655 vero
729 1626 913 1670 propter
948 1613 1086 1654 varios
1117 1612 1290 1652 illarum
1323 1624 1480 1664 motus,

52 1710 99 1733 ac
131 1693 343 1733 divorsum
376 1691 500 1731 liberi
531 1690 693 1732 arbitrii
726 1708 872 1740 usum,
913 1691 955 1731 in
990 1689 1128 1730 varios
1162 1689 1357 1739 ordines,
1395 1689 1482 1730 sive

52 1772 320 1822 angelorum,
369 1769 455 1809 sive
502 1768 748 1820 hominum,
796 1768 882 1808 sive
934 1768 1193 1807 daemonum
1225 1766 1480 1817 distributas,

55 1846 262 1887 constanti
296 1857 336 1886 et
366 1845 511 1886 iterata
535 1845 740 1897 Origenes
773 1843 1002 1885 assertione
1033 1843 1246 1899 prodidit:
1277 1855 1325 1884 ut
1354 1860 1479 1900 saepe

5 1951 8 1954 Δ
54 1925 96 1966 in
129 1923 402 1980 sequentibus
449 1922 732 1964 ostendemus.
802 1927 859 1961 At
903 1920 1105 1976 quoniam
1137 1922 1264 1974 vulgo
1295 1921 1481 1974 ignorari

54 2002 211 2052 scribit,
244 2018 328 2057 quo
360 2013 555 2054 tempore
600 2010 761 2038 creatae
803 1997 906 2037 illae
936 1998 1019 2038 sint
1049 2014 1071 2039 a
1101 1998 1222 2046 Deo,
1251 2014 1329 2039 nec
1362 2000 1482 2054 quic-

57 2095 179 2135 quam
211 2089 355 2133 aperte
393 2092 521 2132 super
562 2091 608 2115 ea
647 2091 692 2115 re
736 2075 950 2124 definivit,
992 2074 1244 2132 conjecturis
1285 2077 1483 2117 duntaxat

57 2156 258 2196 utendum
291 2165 362 2195 est.
429 2152 660 2193 Probabile
700 2152 805 2192 mihi
836 2151 1009 2208 quidem
1039 2152 1111 2205 fit,
1141 2164 1309 2193 naturas
1341 2152 1481 2211 hujus-

57 2233 174 2272 modi
222 2233 273 2272 ab
320 2242 492 2271 aeterno
531 2241 686 2270 creatas
726 2245 748 2270 a
787 2229 883 2270 Deo
931 2228 1162 2283 Origenem
1202 2229 1487 2284 existimasse3

0 2336 1 2340 =
57 2309 412 2364 quemadmodum
443 2323 656 2363 nunquam
686 2322 772 2347 non
802 2305 891 2346 sine
921 2306 1017 2347 luce
1051 2305 1137 2346 sibi
1168 2322 1344 2358 coaeva,
1376 2307 1478 2348 licet

0 2438 3 2455 1

0 2366 2 2409 Ι
57 2402 79 2426 a
108 2403 149 2426 se
179 2387 411 2442 producta,
451 2384 516 2423 sol
557 2383 647 2423 fuit.
716 2383 1114 2424 Demonstrabimus
1157 2382 1316 2439 quippe
1357 2383 1478 2436 infra,

56 2478 299 2518 persuasum
340 2461 468 2502 fuisse
505 2460 570 2500 illi
610 2461 814 2501 mundum
851 2460 1012 2501 idcirco
1056 2477 1078 2501 a
1109 2460 1207 2500 Deo
1242 2460 1478 2514 conditum,

59 2550 104 2578 ut
135 2551 303 2580 naturae
335 2539 433 2579 illae
465 2537 690 2578 rationales
729 2537 773 2577 in
817 2554 912 2577 eum
953 2553 1033 2593 pro
1075 2536 1234 2578 meritis
1278 2538 1476 2580 demitte-

180 2712 218 2766 ¹·)
249 2712 326 2753 Ed.
360 2714 515 2755 Ruaei:
556 2715 772 2770 quoniam
809 2718 918 2754 sunt
958 2709 1140 2767 quidem
1183 2711 1316 2755 haec:
1363 2725 1477 2769 quae

62 2788 217 2823 autem
248 2783 356 2836 sint,
387 2791 471 2825 aut
501 2781 716 2839 quomodo
745 2785 853 2833 scut,
886 2794 977 2823 non
1007 2784 1122 2824 satis
1154 2794 1230 2824 etc.

178 2852 221 2906 2)
256 2851 387 2891 Deest
418 2860 603 2908 „usque“
634 2854 678 2894 in
711 2852 806 2899 edd.
838 2851 997 2894 Huetii.

1021 2926 1123 2970 18⁹e
