1759 3125
607 75 845 119 ExcURsUs
866 76 956 117 2111.
1413 77 1495 122 383

56 180 158 243 ‘cat,
191 206 315 248 quam
347 189 426 231 sihi
456 189 633 230 Praxeas
665 187 838 244 ejusque
868 187 1052 240 gregales
1082 189 1342 241 arrogabant.
1400 190 1496 246 Ipse

78 269 273 310 Petavius
308 267 351 307 in
381 265 455 306 lib.
488 265 561 305 IV.
593 265 645 305 de
677 264 830 307 Trinit.
864 282 954 321 cap.
976 265 1038 309 13.
1070 265 1181 306 inter
1209 266 1310 307 alias
1342 283 1496 317 causas,

79 363 154 386 cur
183 360 290 384 unus
319 342 372 383 sit
401 343 543 392 Deus,
583 358 676 382 cum
716 354 799 383 tres
840 341 923 382 sint
962 359 1192 397 personae,
1232 343 1336 383 hanc
1366 343 1492 383 tertio

78 422 178 462 loco
225 431 554 470 commemorat,
603 420 719 476 quod
764 420 890 459 Pater
927 419 1033 459 Filii
1072 431 1113 459 et
1150 420 1333 474 Spiritus
1363 420 1496 460 sancti

77 497 336 554 principium
365 497 440 548 sit,
476 497 611 552 iisque
644 497 784 537 omnia
825 496 1067 537 tradiderit:
1110 496 1225 552 cujus
1265 497 1496 538 sententiae

76 587 203 616 testes
234 576 333 616 citat
362 573 659 624 Athanasium,
698 573 933 624 Hilarium,
970 573 1198 623 Basilium,
1241 574 1497 626 Gregorium

77 664 319 708 utrumque,
351 663 392 692 et
422 652 528 692 alios
558 650 695 703 magni
725 650 909 691 nominis
938 651 1190 706 scriptores,
1231 650 1303 706 qui
1344 652 1495 691 eodem

75 742 323 783 argumento
352 746 482 769 unum
513 729 655 768 Deum
686 744 708 768 a
739 727 984 768 Christianis
1016 727 1099 768 coli
1131 728 1432 770 demonstrant.

191 809 244 849 II.
305 806 551 848 Adhibitam
598 807 650 846 ab
699 805 884 857 Origene
922 804 1237 846 distinctionem
1274 806 1358 846 Dei
1397 819 1498 847 cnm

79 885 293 936 articulo,
325 896 367 925 et
395 883 480 924 Dei
508 886 606 924 Sine
636 883 852 931 articula,
882 882 1076 925 inutilem
1096 900 1268 939 prorsus
1291 899 1376 924 esse
1408 900 1494 924 non

79 962 273 1015 inficior;
302 978 441 1017 neque
474 960 600 1001 etiam
623 960 745 1001 valde
770 961 1056 1015 probaverim,
1089 961 1206 1016 quod
1224 961 1325 1002 haec
1347 963 1498 1003 verba:

80 1040 248 1095 ,,ῗνα’)
280 1036 544 1096 γινώσκωσί
571 1053 619 1081 σε
653 1036 733 1080 τὸν
771 1034 924 1094 μόνον
962 1037 1184 1092 ἀληθινὸν
1224 1039 1401 1082 θ-εόν·“
1445 1041 1498 1080 ad

79 1118 220 1159 solum
250 1118 420 1157 Patrem
450 1115 594 1164 refert,
627 1130 722 1154 cum
752 1113 913 1154 Filium
943 1130 1030 1154 non
1057 1114 1295 1156 excludant:
1327 1117 1401 1156 sed
1431 1133 1500 1157 ae-

82 1212 213 1251 quum
245 1205 305 1234 est
334 1192 569 1248 inquirere,
618 1203 760 1232 utrum
801 1191 1005 1243 Origenes
1044 1192 1097 1232 ad
1129 1192 1199 1232 has
1229 1193 1404 1234 subtiles
1436 1194 1501 1234 di-

80 1271 325 1313 stinctiones
355 1270 560 1310 adductus
591 1268 664 1318 sit,
714 1268 808 1324 quia
849 1268 1033 1308 divinam
1072 1280 1263 1309 naturam
1303 1272 1384 1311 soli
1421 1271 1501 1312 Pa-

80 1350 136 1390 tri
173 1349 330 1398 inesse,
371 1363 422 1387 an
466 1346 563 1401 quia
612 1346 752 1386 solum
794 1345 965 1386 Patrem
1009 1347 1060 1386 ab
1101 1345 1185 1386 alio
1233 1347 1498 1390 divinitatem

79 1443 166 1466 non
196 1423 405 1480 accepisse
438 1424 648 1463 credebat.
707 1424 816 1463 Rem
855 1422 898 1462 in
939 1423 1136 1475 ambiguo
1167 1440 1253 1464 non
1284 1425 1500 1481 relinquit,

79 1504 114 1545 si
146 1502 319 1558 quidem
350 1500 567 1555 conceptis
599 1501 736 1541 verbis
768 1500 965 1550 declarat,
995 1501 1139 1541 Deum
1169 1515 1270 1542 cum
1302 1504 1501 1546 articulo

80 1581 187 1622 nihil
208 1579 322 1620 aliud
346 1595 446 1630 esse,
480 1595 604 1634 quam
632 1576 871 1633 αὐτόθεον,
896 1591 926 1619 α
947 1591 993 1620 SC
1015 1578 1189 1621 Deum:
1219 1579 1438 1630 αὐῑόῧεος
1455 1582 1498 1635 2)

81 1657 105 1702 ὁ
137 1656 244 1706 θεός
283 1658 404 1700 ἐστι·
449 1654 610 1711 διόπερ
651 1658 729 1698 καὶ
769 1653 790 1699 ὁ
834 1653 983 1713 σωτήρ
1025 1672 1167 1713 φησιν
1208 1658 1256 1700 ἓν
1300 1661 1348 1718 τῇ
1389 1661 1503 1715 πρὸς

81 1734 162 1779 τὸν
191 1739 364 1791 πατέρα
395 1733 524 1794 εὐχῇ·
558 1737 668 1788 ,,ἳνα
687 1733 728 1789 3)
759 1731 1024 1789 γινώσκωσί
1052 1749 1099 1777 σε
1120 1732 1199 1776 τὸν
1216 1732 1366 1792 μόνον
1388 1734 1501 1790 (ἕλην

78 1811 216 1856 θινόν
254 1811 381 1855 θεόν.
455 1811 686 1866 Comparat
728 1810 856 1862 igitur
904 1809 1128 1854 αὐτόθεον
1177 1828 1271 1851 cum
1311 1813 1408 1852 Deo
1453 1830 1502 1854 ex

79 1890 193 1939 Deo,
223 1888 443 1929 veritatem
475 1899 517 1928 et
555 1887 769 1942 exemplar
801 1904 896 1927 cum
927 1887 1130 1939 imagine,
1168 1904 1245 1929 nec
1277 1889 1329 1929 de
1362 1890 1503 1931 divina

79 1966 184 2007 Filii
212 1977 362 2006 natura
391 1964 584 2005 detrahit.
642 1964 718 2005 Ait
749 1964 860 2004 enim
891 1964 1039 2016 illum,
1073 1982 1168 2005 cum
1198 1966 1252 2006 sit
1282 1969 1395 2022 apud
1424 1968 1504 2008 Pa-

79 2056 203 2095 trem,
234 2044 397 2084 trahere
429 2044 481 2083 ad
511 2058 554 2083 se
588 2041 865 2093 divinitatem,
897 2044 1011 2097 apud
1040 2043 1182 2083 Deum
1214 2044 1256 2084 in
1286 2044 1500 2100 principio

81 2139 191 2172 esse,
231 2134 281 2163 eo
322 2118 442 2177 quod
478 2121 539 2162 sit
575 2117 704 2174 apud
738 2118 890 2160 Deum
927 2132 1104 2175 semper
1140 2133 1333 2162 manens
1362 2122 1504 2164 Deus.

81 2199 250 2239 Deinde
288 2215 390 2239 vero
429 2213 516 2237 non
555 2196 639 2237 alio
683 2196 862 2237 consilio
902 2196 946 2236 in
986 2197 1057 2237 has
1087 2197 1211 2238 tricas
1242 2216 1330 2239 sese
1362 2199 1504 2254 impli-

83 2288 150 2317 cat
181 2276 397 2327 Origenes,
427 2275 506 2316 nisi
535 2287 583 2316 ut
613 2274 756 2330 plures
786 2290 987 2330 personas
1018 2274 1178 2315 divinas
1211 2292 1305 2316 cum
1335 2293 1504 2316 monar-

85 2353 176 2393 chia
208 2352 422 2401 conciliet,
452 2368 530 2393 nec
560 2352 661 2392 facit
694 2368 789 2391 cum
819 2351 1001 2403 Arianis,
1034 2369 1130 2393 cum
1160 2353 1329 2393 Patrem
1360 2354 1502 2394 solum

82 2447 232 2471 verum
262 2431 404 2471 Deum
435 2444 523 2470 esse
554 2429 762 2481 concedit,
794 2430 892 2486 quia
921 2431 1035 2471 solus
1067 2442 1126 2470 est
1142 2430 1259 2471 Deus
1291 2448 1314 2473 a
1343 2449 1399 2483 se,
1430 2433 1504 2473 sed

202 2673 242 2728 ¹)
272 2673 348 2714 Ev.
379 2674 529 2715 Joann.
559 2674 696 2725 XVII,
727 2675 767 2719 3.

199 2742 243 2799 2)
279 2743 365 2784 Cfr.
397 2744 522 2785 Tom.
554 2744 606 2784 ll.
637 2744 680 2784 in
710 2746 861 2788 Joann.
893 2762 1008 2789 num.
1040 2747 1080 2792 2.

199 2811 242 2868 3)
272 2813 348 2855 Ev.
379 2817 528 2856 Joann.
559 2813 693 2866 XVII,
723 2814 761 2859 3.
