1759 3125
253 82 336 128 120
666 84 810 126 Pmm
837 85 1053 127 DAmms
1086 85 1251 127 HUE'ru

254 196 377 239 erit?
423 195 544 250 Quae
575 197 763 253 quamvis
793 198 1014 240 manifesta
1046 198 1141 250 sint,
1172 198 1217 239 in
1247 198 1500 239 contrariam
1533 207 1671 237 tamen

256 273 506 315 sententiam
534 274 706 315 flectere
737 288 941 317 conantur
972 275 1168 332 quidam,
1196 292 1274 331 per
1306 291 1459 330 corpus
1489 274 1677 314 substan-

255 350 358 392 tiam
388 350 570 404 intelligi
600 353 803 395 volentes.
867 353 1000 408 Quasi
1040 369 1141 393 vero
1182 365 1270 394 tam
1318 351 1437 392 latini
1474 350 1679 392 sermonis

259 427 479 484 imperitus
518 429 666 480 fuerit,
706 443 748 471 et
785 431 1093 472 vocabulorum
1134 429 1259 485 inops
1292 429 1602 476 Tertullianus,
1633 440 1680 468 ut

257 521 348 546 rem
378 521 456 561 per
483 522 527 547 se
558 519 787 549 exstantem
817 520 965 549 notare
995 507 1167 556 volens,
1198 523 1284 546 non
1315 506 1436 546 aliter
1465 506 1682 561 appellare

260 582 464 640 potuerit,
495 600 620 640 quam
653 602 818 641 corpus.
887 585 1004 625 Idem
1035 585 1086 625 de
1118 584 1214 625 Deo
1245 594 1462 624 senserunt
1491 583 1682 624 Valenti-

260 677 351 711 nus,
382 661 585 702 Seleucus
625 674 666 703 et
696 662 889 703 Hermias
922 662 1121 712 Galatae,
1163 661 1348 711 Audius,
1389 673 1430 701 et
1462 660 1548 719 ejus
1579 676 1684 701 asse-

264 737 353 779 clae
383 738 578 789 Audiani,
609 764 663 770 -——
711 756 818 795 quos
863 739 937 780 alii
983 740 1161 780 subinde
1205 739 1418 779 Vadianos
1462 754 1684 793 perperam

262 814 531 870 appellarunt
559 841 632 867 -—‚
666 828 706 857 et
737 816 944 875 Aegyptii
982 816 1473 872 Anthropomorphitae,
1512 816 1563 855 de
1596 815 1684 871 qui·

263 892 340 932 bus
370 891 479 932 infra
511 890 776 935 disseremus.

855 1055 1102 1062 ψ

601 1192 972 1247 QUAESTIO
1016 1193 1356 1237 SECUNDA.

433 1303 524 1344 DE
586 1305 1058 1349 SANCTISSIMA
1113 1305 1519 1347 TRINITATE.

265 1417 299 1457 I.
358 1417 406 1457 In
436 1417 596 1459 multos
635 1418 744 1460 circa
782 1419 825 1461 S.
858 1419 1077 1461 Trinitatis
1114 1419 1362 1477 mysterium
1395 1435 1558 1460 errores
1588 1419 1692 1460 inci-

267 1492 375 1534 disse
392 1495 527 1536 fertur
548 1494 768 1548 Origenes,
789 1513 971 1553 quorum
994 1496 1228 1550 gravissimi
1251 1508 1462 1538 notantur.
1509 1497 1563 1538 Il.
1595 1497 1691 1538 Hoc

266 1571 439 1613 nomine
485 1573 662 1614 Patrum
711 1574 947 1615 multorum
995 1574 1344 1631 reprehensiones
1382 1585 1576 1630 expertus
1618 1586 1692 1617 est.

266 1648 346 1694 III.
376 1648 531 1690 Utrum
562 1650 606 1691 S.
637 1649 854 1692 Trinitatis
885 1667 1084 1707 personas
1114 1651 1345 1692 substantia
1383 1650 1558 1691 differre
1599 1650 1692 1706 opi·
1755 1684 1759 1695 .

267 1737 389 1767 natus
432 1726 498 1769 sit.
559 1728 631 1770 IV.
678 1729 894 1788 Nonnulla
924 1729 966 1770 in
999 1728 1087 1786 ejus
1120 1729 1411 1770 defensionem
1442 1729 1691 1770 afferuntur.

268 1803 320 1845 V.
347 1803 523 1845 Eruitur
552 1820 746 1857 germana
786 1804 918 1861 ipsius
956 1806 1175 1848 sententia.
1235 1808 1308 1849 VI.
1346 1807 1500 1847 Utrum
1531 1806 1694 1848 Filium

268 1896 348 1935 per
376 1882 666 1936 prolationem
697 1882 885 1935 genitum
918 1899 1005 1925 esse
1036 1884 1258 1925 arbitratus
1290 1884 1356 1926 sit.
1415 1884 1507 1924 VII.
1540 1883 1692 1923 Utrum
1741 1888 1750 1899 “

268 1956 431 1998 Filium
474 1959 623 2011 Patre,
667 1960 878 2016 Spiritum
921 1973 1110 2002 sanctum
1156 1961 1272 2002 Filio
1321 1960 1567 2001 inferiorem
1606 1978 1693 2002 esse

271 2034 444 2085 dixerit,
492 2037 609 2078 VIII.
642 2036 698 2078 ita
735 2049 783 2077 ut
824 2037 1003 2094 jactatur
1032 2054 1054 2079 a
1085 2037 1294 2094 plurimis.
1356 2038 1428 2078 IX.
1461 2037 1692 2094 Utriusque

269 2111 516 2165 dignitatem
554 2114 719 2154 videtur
758 2131 1061 2171 nonnunquam
1097 2115 1221 2156 tueri.
1280 2116 1336 2157 X.
1379 2115 1550 2155 Patrum
1583 2117 1694 2156 mul-

271 2200 414 2230 torum
442 2190 644 2243 suffragio
676 2192 840 2244 gaudet.
899 2192 975 2233 XI.
1005 2193 1139 2232 Recte
1180 2208 1275 2233 eum
1308 2193 1360 2232 de
1390 2192 1494 2232 Filii
1525 2204 1566 2233 et
1597 2193 1693 2249 Spi-
1757 2213 1759 2217 ¹

269 2265 374 2307 ritus
411 2266 542 2307 sancti
584 2267 783 2321 dignitate
826 2268 1000 2310 sensisse
1046 2269 1192 2310 Patres
1232 2270 1428 2310 nonnulli
1475 2281 1691 2312 testantur.

269 2343 366 2385 XII.
396 2343 628 2386 Platonicis
667 2345 828 2387 deliriis
869 2347 1150 2388 orthodoxam
1191 2347 1427 2389 doctrinam
1459 2347 1692 2390 oblimavit.

271 2420 391 2462 ΧΙΙΙ.
431 2420 586 2462 Utrum
616 2422 785 2464 Patrem
826 2423 1074 2479 primarium
1113 2441 1253 2465 rerum
1295 2425 1584 2475 conditorem,
1621 2425 1694 2465 Fi-

271 2497 378 2538 lium
417 2515 518 2539 vero
558 2499 853 2541 secundarium
902 2512 943 2541 et
983 2501 1118 2542 Patris
1166 2501 1403 2542 ministrum
1453 2502 1692 2544 crediderit.

273 2575 389 2617 XIV.
420 2576 713 2618 Vetustiorum
757 2577 923 2633 aliquot
970 2578 1144 2619 Patrum
1194 2595 1398 2620 consensu
1439 2565 1692 2620 subleratur.

274 2653 367 2695 XV.
401 2652 501 2708 Quo
542 2670 664 2695 sensu
693 2653 853 2695 Filium
884 2655 1034 2696 dixerit
1063 2673 1149 2697 non
1181 2673 1266 2698 esse
1298 2658 1489 2698 absolute
1520 2658 1693 2705 bonum,

272 2730 388 2771 XVI.
421 2742 464 2772 et
501 2747 588 2772 non
628 2748 714 2774 esse
753 2732 943 2773 absolute
984 2733 1216 2775 veritatem.
1274 2735 1413 2776 XVII.
1443 2734 1596 2775 Utrum
1627 2750 1695 2774 ae-

275 2823 357 2863 qua
396 2807 449 2851 sit
499 2809 733 2851 multorum
776 2809 1012 2852 criminatio
1045 2811 1276 2866 Origenem
1323 2811 1475 2853 dixisse
1517 2828 1696 2867 querena
