1759 3125
262 89 344 134 124
686 92 825 134 Pssrm
854 91 1069 133 DANfflms
1101 93 1262 136 Hurzru

261 206 397 247 οἴεται
431 204 506 246 καὶ
539 202 752 249 ἐντεῦθεν
781 204 1192 257 κατασκεωέζεσθαι
1223 210 1272 267 τῇ
1317 205 1450 261 οὐσίᾳ
1480 203 1543 263 μὴ
1576 206 1672 249 διε-

261 284 466 336 στηκέναι
502 283 579 324 τοῦ
612 283 711 325 υἱοῦ
743 282 822 326 τὸν
852 287 1035 339 πατέρα.
1105 284 1214 325 Hinc
1262 284 1485 325 concludat
1522 283 1670 339 aliquis

258 520 382 557 vera,
415 520 504 563 qua
534 508 717 548 ratione
752 510 895 552 Pater
924 511 1137 550 vert'tate's
1157 509 1284 551 Deus
1303 509 1498 565 amplior
1526 515 1592 549 est
1625 514 1670 548 et

259 578 431 633 major,
470 590 605 632 quam
645 580 840 628 rert'ms;
880 587 924 619 et
967 579 1114 620 Pater
1153 591 1253 619 cnm
1294 582 1352 620 sit
1390 580 1670 635 Sapientiae,

259 655 431 702 qnctnto
460 649 606 703 ipsum
630 647 930 704 Sapientiam,
963 656 1094 690 mulo
1127 649 1269 690 lucem
1292 663 1445 690 reram
1467 657 1670 704 superat.

259 717 464 758 Defendit
495 734 593 768 ergo
625 718 891 774 mysterium,
942 720 1055 774 quod
1097 719 1242 759 nefarii
1284 719 1480 759 haeretici
1514 731 1671 758 everte-

258 789 380 839 bant;
411 804 487 827 nec
517 788 641 827 aliam
673 788 878 828 rationem
910 791 1046 839 affert,
1079 806 1153 829 cur
1170 789 1293 829 Pater
1323 807 1343 830 a
1379 790 1493 831 Filio
1526 789 1669 829 distin-

258 869 426 909 guatur,
469 874 541 896 cur
578 856 714 897 Filius
745 858 882 915 major
910 859 982 908 sit,
1022 859 1100 900 nisi
1142 860 1256 914 quod
1302 859 1385 899 veri
1417 859 1519 899 Filii
1551 876 1671 899 verus

259 941 320 970 est
348 930 484 970 Pater.
502 928 599 978 III.,
636 944 719 967 non
763 928 916 972 invitus
956 931 1121 970 fatebor
1158 930 1272 970 idem
1303 930 1461 969 factum
1491 930 1542 970 ab
1575 928 1672 970 Ori·

257 1016 374 1052 gene,
407 999 522 1055 quod
553 1015 574 1038 a
605 997 749 1038 multis
781 998 870 1039 aliis
892 999 1209 1040 accuratissimis
1232 999 1440 1048 Patribus,
1477 999 1565 1055 qui,
1597 999 1673 1041 etsi

257 1087 382 1110 unam
415 1081 455 1110 et
483 1068 735 1121 singularem
773 1080 918 1109 tenent
957 1070 998 1110 in
1036 1070 1168 1111 trihus
1209 1069 1398 1125 personis
1439 1069 1673 1119 essentiam,

259 1141 356 1197 quia
385 1152 524 1180 tamen
562 1139 662 1178 haec
703 1139 878 1179 essentia
918 1140 1016 1180 alias
1057 1140 1182 1181 habet
1222 1140 1263 1180 in
1304 1140 1451 1188 Patre,
1490 1139 1589 1180 alias
1628 1140 1670 1180 in

256 1210 372 1251 Filio
405 1210 700 1266 proprietates,
732 1209 942 1249 interdum
969 1210 1108 1251 habita
1127 1210 1290 1250 ratione
1312 1210 1553 1268 hujusmodi
1577 1226 1671 1265 per-

257 1281 467 1322 sonalium
498 1280 830 1336 proprietatum,
863 1281 1082 1320 essentiam
1113 1280 1215 1321 Filii
1247 1281 1296 1319 ab
1329 1280 1502 1321 essentia
1535 1280 1669 1320 Patris

258 1351 530 1404 distinguunt.
590 1349 705 1390 Nihil
746 1350 871 1402 igitur
910 1350 1086 1399 mirum,
1135 1350 1169 1391 si
1210 1350 1411 1402 Origenes
1451 1349 1532 1388 hoc
1572 1351 1669 1390 loco

258 1438 397 1462 veram
431 1422 568 1461 lucem
600 1436 620 1460 a
659 1420 784 1460 Patre
817 1436 939 1460 verae
971 1420 1074 1460 lucis
1106 1420 1342 1471 distinguit,
1383 1419 1470 1459 imo
1503 1420 1670 1459 Patrem

259 1503 299 1532 et
329 1491 487 1532 Filium
520 1491 620 1531 duas
652 1491 764 1531 luces
796 1507 883 1531 esse
916 1489 1135 1531 contendit
1156 1489 1336 1530 ibidem:
1368 1490 1671 1546 ΙῙαραστικώ-

257 1578 386 1616 τερον
419 1563 467 1604 δὲ
497 1558 580 1603 δύο
627 1563 757 1617 φῶτα
803 1559 882 1603 τὸν
921 1565 1093 1616 πατέρα
1125 1563 1201 1604 καὶ
1232 1559 1310 1603 τὸν
1341 1560 1440 1603 υἱὸν
1470 1558 1559 1604 ἀπὸ
1591 1563 1671 1604 τοῦ

256 1635 406 1689 Λαβὶδ
437 1629 680 1688 τυγχάνειν
720 1630 795 1674 διὰ
827 1628 997 1674 τούτων
1027 1628 1272 1687 εἰσόμεθα,
1316 1628 1337 1672 ὅ
1368 1635 1424 1686 γέ
1451 1646 1593 1687 φησιν
1623 1632 1673 1675 ἐν

257 1705 506 1764 τριακοστῷ
556 1707 749 1757 πέμπτῳ
798 1705 995 1758 ψαλμῷ·
1047 1702 1131 1756 „31²
1171 1707 1294 1758 ᾳωτί
1330 1717 1412 1744 σου
1454 1701 1670 1758 ὀψόμεθα

257 1777 400 1833 ([νώςῆῑ
432 1773 610 1828 (Psalm.
642 1772 842 1822 XXXVI,
871 1771 932 1828 9.)
965 1772 1082 1827 Quid
1113 1772 1251 1825 igitur,
1283 1788 1331 1812 an
1352 1772 1578 1824 Origenem
1611 1772 1672 1812 di-

258 1862 398 1887 cemus
428 1846 479 1884 ab
513 1842 685 1896 egregiis
711 1842 956 1898 principiis,
1000 1860 1105 1900 quae
1136 1842 1238 1883 alibi
1264 1843 1408 1883 statuit
1439 1843 1490 1882 de
1521 1841 1672 1883 identi-

257 1928 341 1956 tate
374 1913 601 1954 voluntatis
634 1925 675 1953 et
707 1914 931 1964 essentiae,
962 1912 1206 1954 discedere?
1261 1914 1324 1953 Ne
1365 1911 1540 1964 digitum
1579 1913 1670 1968 qui—

258 1988 354 2026 dem
386 1984 587 2034 discedi13
626 1985 697 2024 sed
729 1985 1088 2039 quemadmodum
1117 1995 1231 2023 recte
1261 1983 1415 2023 dicitur
1443 1982 1586 2022 lumen
1618 1984 1669 2023 de

256 2056 439 2104 lumine,
476 2054 669 2094 voluntas
701 2071 747 2094 ex
780 2056 1018 2102 voluntate,
1059 2052 1247 2108 quamvis
1277 2069 1406 2092 unum
1437 2053 1488 2093 sit
1518 2053 1562 2092 in
1591 2054 1670 2094 Pa-

256 2140 320 2168 tre
354 2138 394 2166 et
422 2124 536 2165 Filio
570 2124 727 2174 lumen,
757 2141 837 2164 una
868 2124 1084 2172 voluntas,
1125 2122 1184 2162 sic
1217 2122 1418 2175 Origenes
1450 2123 1590 2163 lucem
1623 2141 1670 2164 ex

257 2198 352 2238 luce
382 2194 580 2248 agnoscit.
639 2193 807 2234 Deinde
841 2209 938 2233 vero
969 2193 1079 2232 illud
1111 2194 1316 2234 memoria
1336 2195 1566 2234 tenendum
1596 2207 1669 2246 est,

258 2268 486 2319 Origenem
520 2275 664 2305 contra
693 2263 937 2319 hujusmodi
968 2261 1200 2303 haereticos
1232 2263 1447 2314 disserere,
1485 2282 1590 2320 quos
1607 2266 1669 2307 in-

255 2351 320 2379 ter
351 2348 392 2377 et
425 2333 668 2375 Catholicos
701 2334 752 2373 de
783 2332 1067 2385 singularitate
1106 2332 1270 2373 divinae
1306 2346 1478 2375 naturae
1514 2353 1668 2377 conve-

256 2408 423 2459 niebat3
453 2406 497 2446 in
529 2421 579 2445 eo
611 2415 751 2444 autem
783 2402 1065 2443 controversia
1095 2414 1204 2452 erat,
1237 2404 1352 2458 quod
1383 2403 1450 2445 isti
1479 2406 1664 2462 Patrem,

258 2490 299 2519 et
327 2477 502 2525 Filium,
536 2486 578 2515 et
608 2473 812 2529 Spiritum
842 2486 1043 2525 sanctum,
1072 2475 1151 2515 tria
1182 2475 1367 2532 ejusdem
1397 2486 1569 2517 naturae
1599 2495 1669 2519 va-

256 2548 328 2589 riis
358 2547 498 2588 modis
531 2544 816 2585 consideratae
846 2545 1042 2595 nomina,
1084 2545 1292 2587 Catholici
1329 2561 1426 2585 vero
1458 2557 1540 2586 tres
1572 2564 1668 2604 per-

257 2635 377 2659 sonas
409 2633 496 2657 esse
528 2616 844 2657 contenderent.
892 2615 1030 2670 Quam
1065 2617 1119 2657 ob
1150 2633 1239 2656 rem
1273 2627 1416 2655 contra
1445 2617 1551 2657 hanc
1570 2618 1667 2659 hae—

258 2688 369 2729 resin
397 2686 492 2727 usui
524 2697 638 2726 erant
665 2685 908 2741 Scripturae
938 2685 1190 2735 testimonia,
1221 2702 1325 2742 quae
1346 2687 1514 2730 Patrem
1545 2705 1566 2729 a
1596 2689 1668 2730 Fi-

259 2760 333 2808 lio,
363 2775 448 2799 non
481 2756 577 2797 solo
608 2756 795 2805 nomine,
823 2773 909 2797 non
939 2757 1050 2797 varia
1081 2768 1240 2797 tantum
1263 2756 1450 2814 ejusdem
1478 2758 1539 2799 rei
1571 2775 1670 2799 con-

258 2829 501 2871 siderandae
531 2825 707 2877 ratione,
737 2828 810 2869 scd
840 2839 886 2869 ut
915 2827 1177 2869 voluntatem
1200 2844 1246 2868 ex
1275 2829 1506 2881 voluntate,
1537 2846 1672 2871 essen-

1750 2514 1759 3125 mz—Q„-z-<-⁴—--.
1756 2486 1759 2498 4
1756 2464 1759 2479 .-
1757 2452 1759 2457 .
