1759 3125
497 74 885 114 ORIGENJANORUM
916 73 1058 113 LIBER
1075 74 1127 113 Π.
1424 77 1503 121 291

91 202 197 240 quae
229 185 357 233 infra,
390 184 614 232 coelestes,
653 182 919 239 infernasque
950 185 1124 226 virtutes
1156 186 1320 240 tropice
1351 188 1506 240 signifi-

92 262 196 311 cari;
236 272 357 315 atque
396 259 492 299 hinc
532 275 657 314 aquas
694 260 789 300 illas
830 261 882 300 ad
922 260 1067 302 laudes
1097 263 1276 304 Domini
1307 264 1502 306 dicendas

90 336 313 393 provocari
346 336 499 377 Psalm.
532 336 771 386 CXLVIII,
819 337 859 383 4,
901 348 942 377 et
981 339 1090 380 Dan.
1130 340 1213 390 III,
1262 339 1328 382 60.
1388 341 1502 381 Haec

88 413 275 469 quamvis
315 413 541 465 allegorice
579 412 687 452 dicta
727 426 922 465 agnoscat
961 414 1143 455 Basilius
1186 416 1348 459 Homil.
1382 417 1421 461 3.
1457 417 1501 458 in

85 491 309 539 Hexassm„
353 489 549 544 repudiat
578 488 878 540 nihilominus,
923 503 964 531 et
1000 503 1199 547 tanquam
1237 493 1501 534 somniorum

83 566 358 623 conjecturis,
399 578 440 606 et
480 566 661 607 anilibus
691 567 844 608 sabulis
875 567 1026 609 similia
1056 569 1284 621 redarguit.
1341 571 1502 612 Redar-

82 643 168 695 guit
200 655 241 683 et
269 643 531 699 Epiphanius
562 643 604 683 in
634 643 813 698 epistola
852 645 905 684 ad
936 646 1146 686 Joannem
1176 645 1497 704 Hierosolymit.

83 737 171 775 cap.
204 721 266 771 3.,
307 733 346 761 et
377 720 501 761 Haer.
541 720 606 763 64.
650 736 738 775 cap.
771 721 809 762 4.
881 722 1112 774 Redarguit
1143 733 1184 762 et
1213 721 1498 781 Hieronymus

78 797 198 852 epist.
230 797 297 842 61.
337 799 389 838 ad
418 798 659 838 Pammach.
700 814 789 853 cap.
821 798 860 842 3.
918 800 1148 852 Redarguit
1186 811 1228 839 et
1267 816 1314 840 ex
1350 800 1499 842 Basilii

79 874 215 915 verbis
254 874 512 915 Justinianus
549 875 592 915 in
633 874 811 929 epistola
852 876 904 915 ad
934 876 1130 928 Menam,
1164 888 1204 917 et
1233 876 1275 916 in
1308 893 1354 918 ea
1384 879 1496 919 hunc

76 962 328 1006 contorquet
357 951 772 992 anathematismum:
814 956 877 993 Εἴ
912 969 977 1001 τις
1004 956 1118 1010 λέγει
1155 951 1373 1009 οὐρανὸν,
1417 958 1495 997 καὶ

82 1026 223 1081 ἥλιον,
255 1033 329 1071 καὶ
353 1028 558 1083 σελήνην,
592 1032 667 1071 καὶ
691 1028 892 1084 ἀστέρας,
929 1033 1002 1072 καὶ
1026 1028 1169 1073 ὕδατα
1201 1027 1253 1072 τά
1278 1028 1490 1088 ὑπεράνω

73 1109 162 1148 τῶν
186 1106 405 1164 οὐρανῶν,
438 1104 675 1162 ἐμψύχους
690 1110 764 1149 καὶ
793 1106 949 1154 ὑλικὰς
980 1106 1108 1162 (lege:
1140 1105 1340 1162 λογικάς,
1375 1110 1491 1165 quod

74 1183 177 1223 vidit
208 1183 490 1236 Gaudentius)
536 1181 658 1227 εἶναί
683 1200 807 1231 τινας
838 1181 1077 1240 δυνάμεις,
1115 1182 1326 1241 ἀνάθεμα
1360 1187 1486 1230 ἔστω.

28 1244 30 1246 v
74 1259 204 1314 Quod
236 1272 277 1301 et
313 1278 335 1301 a
373 1262 618 1316 Sophronio
661 1261 703 1302 in
735 1262 914 1317 epistola
945 1262 997 1301 ad
1028 1260 1224 1313 Sergium
1256 1263 1487 1306 damnatur.

183 1336 318 1392 Hujus
339 1339 377 1393 ¹)
410 1338 581 1392 quidem
615 1339 833 1379 doctrinae
851 1337 1021 1389 vestigia
1048 1339 1252 1393 quaedam
1282 1341 1486 1395 reperisse

69 1415 172 1454 mihi
203 1414 351 1454 videor
380 1414 544 1456 Homil.
576 1415 643 1459 23.
676 1415 718 1455 in
739 1416 839 1455 Luc.
899 1412 1160 1469 Prophetae
1189 1429 1357 1473 quoque
1387 1421 1485 1474 ipsi,

68 1491 205 1547 inquit
236 1491 452 1543 Origenes,
483 1498 530 1532 et
559 1491 778 1547 Apostoll>
813 1503 942 1531 omne
974 1489 1094 1545 quod
1119 1502 1360 1543 resonant,
1392 1509 1482 1536 non

67 1568 209 1609 solum
241 1566 509 1618 hominibus,
539 1566 621 1609 sed
647 1576 693 1609 et
723 1568 904 1623 angelis
928 1566 1219 1623 praedicant.
1273 1570 1407 1623 Quod
1431 1580 1484 1614 ut

66 1648 186 1687 scias
231 1657 408 1686 verum:
447 1646 658 1698 ‚,attende,
678 1646 719 1700 ²)
770 1644 928 1700 inquit,
968 1632 1157 1695 coelum,
1197 1659 1238 1687 et
1274 1648 1483 1704 quuar:“

67 1722 193 1777 „in3)
227 1734 457 1778 conspectu
486 1723 734 1775 angelorum
764 1723 940 1778 psallam
966 1722 1101 1763 tibi:“
1134 1735 1194 1764 et:
1225 1724 1421 1773 „laudate
1439 1727 1480 1782 ¹²)

65 1799 302 1839 Dominum
333 1799 442 1839 coeli
484 1800 726 1848 coelorum,
767 1811 807 1839 et
838 1815 991 1854 aquae,
1033 1816 1138 1854 quae
1177 1816 1307 1856 super
1337 1804 1481 1844 coelos

64 1887 171 1925 sunt,
201 1892 356 1916 nomen
384 1876 604 1917 Domini.“
664 1880 862 1917 Attamen
892 1877 933 1916 in
963 1875 1098 1931 prima
1128 1876 1171 1917 in
1189 1877 1374 1919 Genesin
1390 1881 1482 1921 Ho-

65 1951 195 2002 milia,
225 1969 329 2008 quae
362 1954 413 1994 de
444 1953 562 2008 aquis
592 1953 676 1994 illis
707 1953 996 2008 superioribus
1028 1965 1068 1993 et
1087 1954 1358 1997 inferioribus
1380 1958 1477 2009 agit,

4 2074 7 2075 ⁷
65 2030 201 2071 simile
242 2030 347 2071 nihil
388 2032 602 2081 offendas,
647 2031 719 2071 sed
758 2030 998 2071 consimiles
1038 2031 1279 2084 allegorias,
1327 2034 1476 2089 quibus

65 2107 185 2147 coelo
237 2118 278 2147 et
324 2107 591 2149 firmamento
636 2107 870 2163 spiritualia
919 2120 959 2148 et
1004 2124 1210 2164 corporea
1253 2109 1477 2162 significari

175 2301 214 2357 l)
248 2302 427 2343 Catenae
470 2301 514 2341 in
549 2301 705 2345 Psalm.
745 2303 919 2353 XXIX,
957 2303 997 2347 3.
1037 2303 1154 2344 aliud
1191 2305 1473 2358 fragmentum

62 2370 264 2422 exhibent,
295 2371 337 2412 in
371 2388 455 2427 quo
488 2370 639 2412 clarius
671 2373 864 2412 doctrina
893 2374 995 2414 haec
1027 2373 1295 2429 exprimitur:
1337 2380 1469 2435 (μονὴ

58 2442 143 2495 μὲν
171 2447 330 2500 κυρίου
362 2441 514 2490 ἁπλῶς
544 2442 620 2484 ἐπὶ
650 2446 741 2485 τῶν
775 2441 976 2498 ὑδάτων,
1021 2442 1153 2493 αὐτὸς
1184 2446 1232 2488 δὲ
1266 2444 1289 2490 ὁ
1320 2445 1471 2507 κύριος

60 2512 134 2554 ἐπὶ
165 2511 346 2557 ὑδάτων
374 2514 575 2556 πολλῶν.
635 2511 842 2568 Λογικάς
872 2513 922 2555 δὲ
953 2511 1112 2570 ([ύσεις
1142 2516 1228 2557 νῦν
1257 2524 1467 2572 σημαίνει

59 2580 112 2624 τὰ
143 2581 302 2626 ὕδατα.
372 2580 672 2638 ,,Γενηι9-η’τω,
717 2586 852 2640 φησὶ,
892 2580 942 2626 τὸ
984 2587 1214 2640 στερέωμα
1254 2585 1305 2628 ἐν
1342 2591 1469 2644 με’σῳ

57 2654 135 2695 τοῦ
165 2650 342 2702 ὕδατος,
372 2655 448 2695 καὶ
478 2654 589 2696 ἔστω
623 2653 941 2710 διαχωρι’ζον.“
971 2653 1024 2694 R.
1053 2679 1109 2686 —-
1139 2653 1226 2695 cfr.
1246 2654 1352 2697 Gen.
1374 2658 1408 2708 I,
1425 2657 1465 2700 6.

170 2722 212 2775 2)
243 2722 368 2762 Deut.
397 2723 577 2773 XXXII,
609 2723 645 2766 1.
764 2723 806 2779 3)
838 2721 993 2764 Psalm.
1026 2723 1304 2776 CXXXVIII,
1336 2726 1372 2769 1.

171 2790 212 2844 ²²)
245 2790 330 2837 Csr‚
361 2792 515 2834 Psalm.
549 2793 776 2845 CXLVIII,
805 2793 845 2835 4.

1045 2868 1140 2912 19*
