1759 3125
461 83 850 124 ORIGENIANORUM
889 81 1031 122 LlssER
1062 82 1118 121 11.
1404 79 1488 123 215

72 210 113 237 ct
144 214 239 237 cum
269 195 485 248 Scriptura
513 193 593 233 ait:
635 208 801 244 „sermo
823 191 861 247 ¹)
902 192 1034 232 factus
1073 202 1134 232 est
1172 192 1224 231 ad
1271 192 1485 232 Oseam:“

72 273 130 314 sic
169 273 276 312 illud
316 271 660 322 intelligendum,
716 270 905 310 Verbum
941 267 1024 308 Dei
1072 267 1246 308 missum
1296 284 1383 308 esse
1431 269 1484 308 ad

73 350 238 392 Oseam.
288 349 405 388 Idem
434 348 559 388 habet
589 359 737 387 auctor
759 345 919 387 Homil.
940 347 972 386 Ι.
1003 345 1046 385 in
1076 345 1300 386 Diversus:
1333 340 1483 386 Abra-

72 425 158 466 leae
186 425 328 466 Patre·
355 422 637 465 credentium
666 421 814 464 tribas
843 422 966 464 horis
995 424 1225 477 temporis,
1255 421 1362 462 licet
1391 432 1483 461 non

63 514 150 558 per
178 504 324 557 ipsam
361 500 643 554 ineffabilem
681 502 889 544 Deitatis
925 497 1263 553 substantia-m,
1301 495 1385 539 sed
1404 509 1483 553 po-

70 580 159 619 tius
185 591 270 633 per
300 579 563 633 angelicam
591 581 782 634 speciem
812 591 843 620 a
873 575 1062 619 meridie
1091 578 1208 618 visus
1236 581 1326 617 est:
1355 575 1485 615 nobis

69 657 271 710 triginta
293 658 428 697 annis
458 658 504 697 z’n
537 662 669 697 terra
699 658 935 712 apparuit,
951 654 992 710 2)
1023 660 1069 695 et
1099 665 1201 695 cum
1232 648 1486 694 hominibus

69 734 335 773 conversari
360 730 582 787 dignatus
611 738 691 774 est.
761 732 897 774 Iacob
936 733 1080 773 etiam
1117 730 1247 771 brem·
1280 735 1482 784 tempore

64 821 150 864 per
179 809 397 864 angelum
426 808 718 850 nihilominus
747 810 966 865 apparuit
1005 808 1258 852 colluctans
1286 818 1387 848 cum
1417 817 1481 854 eo,

68 897 109 926 et
141 897 289 926 cetera.

182 962 257 1002 ΙΙΙ.
316 962 635 1018 Reprehensum
666 962 793 1004 fuisse
824 962 868 1003 id
899 963 940 1004 in
964 962 1160 1015 Origene,
1193 962 1366 1001 adnotat
1387 959 1478 1000 Six-

68 1050 133 1078 tus
172 1039 367 1080 Senensis
405 1039 501 1085 libr,
532 1040 571 1082 5.
611 1056 707 1081 ann.
741 1039 858 1091 105,
895 1041 970 1080 sed
1012 1038 1236 1091 Augustini
1275 1035 1476 1088 suffragio

68 1115 269 1156 defendit.
331 1116 607 1158 Consimilem
646 1134 743 1159 sane
782 1117 963 1174 professi
1001 1129 1095 1158 sunt
1134 1115 1369 1157 doctrinam
1398 1115 1478 1155 Pa-

67 1203 150 1232 tres
181 1192 341 1247 antiqui
382 1196 643 1249 complures,
685 1212 771 1236 non
812 1195 994 1248 Origene
1034 1196 1174 1235 solum
1214 1191 1478 1240 vetustiores,

65 1269 132 1309 vel
164 1269 323 1320 coaevi,
353 1272 428 1311 sed
456 1271 713 1313 recentiores
744 1273 882 1323 etiam,
914 1284 955 1314 et
984 1271 1168 1313 Nicaena
1205 1270 1367 1328 synodo
1398 1284 1478 1324 po-

64 1346 273 1388 steriores.
331 1347 498 1389 Horum
536 1350 708 1391 nomina
757 1363 798 1392 et
840 1351 933 1391 loca
981 1349 1144 1401 colligit
1177 1346 1391 1389 Pamelius
1433 1344 1476 1385 in

61 1423 289 1464 Paradoxis
325 1425 601 1476 Tertulliani,
641 1444 731 1483 cap.
765 1427 858 1477 19.,
910 1426 1172 1478 collegerunt
1212 1424 1390 1465 subinde
1438 1432 1480 1461 et

63 1500 148 1542 alii.
206 1501 269 1541 Ex
300 1501 450 1557 quibus
479 1503 584 1544 locis
614 1503 771 1560 liquet,
810 1519 1054 1558 persuasum
1093 1503 1154 1544 his
1186 1501 1312 1542 {uisse
1342 1497 1478 1539 Patri-

61 1578 153 1628 bus,
184 1594 349 1619 morem
377 1580 494 1620 Patri
538 1592 751 1634 gerentem
780 1580 943 1621 Filium
981 1578 1225 1635 patriarchis
1262 1578 1478 1632 adspecta-

61 1655 194 1697 bilem
224 1672 312 1697 sese
350 1657 613 1712 praebuisse,
654 1657 845 1713 Deique,
884 1656 1040 1709 angeli,
1078 1657 1147 1696 vel
1185 1652 1362 1695 Domini
1398 1667 1477 1692 no-

63 1732 183 1772 mina
210 1732 336 1774 fuisse
365 1734 583 1787 sortitum;
615 1747 657 1776 et
687 1751 957 1791 quaecunque
987 1734 1031 1774 in
1061 1730 1321 1774 Testamenti
1350 1730 1477 1770 Vete-

66 1809 122 1850 ris
150 1809 324 1851 historia
362 1827 386 1851 a
424 1812 522 1852 Deo
561 1812 672 1853 facta
708 1812 904 1864 legimus,
948 1810 1111 1852 Filium
1148 1821 1363 1850 auctorem
1402 1806 1475 1847 ha-

64 1885 214 1928 buisse.
274 1888 473 1929 Attamen
510 1905 598 1929 non
637 1890 680 1929 in
721 1905 768 1930 ea
797 1888 878 1929 sibi
909 1899 1070 1929 constat
1099 1886 1304 1927 sententia
1331 1895 1477 1925 noster

66 1962 293 2018 Origenes,
332 1981 429 2005 nam
467 1967 634 2006 easdem
671 1982 841 2022 quoque
881 1976 1019 2020 partes
1046 1978 1348 2018 nonnunquam
1376 1961 1476 2002 Deo

4 2076 6 2078 ,
63 2040 179 2082 Patri
209 2041 375 2082 videtur
403 2042 629 2096 assignare:
668 2043 784 2083 velut
819 2042 980 2083 Homil.
1006 2042 1081 2083 ΙΙΙ.
1122 2041 1167 2082 in
1196 2041 1295 2082 Luc.
1357 2037 1477 2081 Gra-

63 2119 135 2159 tia
165 2118 269 2173 Dei,
299 2118 450 2175 inquit,
467 2119 588 2174 fuit,
618 2125 672 2161 ut
702 2126 951 2176 appareret
980 2117 1234 2169 Abraham,
1264 2116 1337 2159 vel
1362 2121 1477 2158 cete-

65 2196 130 2238 ris
152 2195 408 2253 prophetis.-
445 2210 537 2238 non
574 2195 693 2253 quod
726 2197 877 2240 oculas
912 2202 1100 2238 tantum
1140 2193 1289 2238 cordis
1323 2194 1474 2236 Abra-

66 2271 176 2314 lzam
212 2276 261 2315 z'n
298 2287 461 2316 caussa
486 2274 672 2331 suerit,
719 2281 771 2316 ut
801 2280 1009 2316 cerneret
1039 2274 1209 2325 Deum,
1252 2269 1334 2313 sed
1360 2266 1480 2326 quod

65 2355 235 2408 gratia
263 2352 358 2395 Dei
383 2352 506 2394 ultro
535 2365 581 2394 se
612 2349 957 2408 adspiciendum
980 2349 1250 2407 praebuerit
1279 2350 1378 2391 viro
1396 2348 1477 2403 ju-

65 2435 148 2473 sto,
205 2430 304 2472 Hoc
339 2435 494 2472 autem
531 2442 621 2471 mm
657 2429 800 2471 solum
838 2442 973 2485 super
1002 2428 1102 2471 Deo
1132 2427 1278 2469 Patre
1306 2424 1475 2467 iutelli-

64 2518 168 2562 gas‚
197 2505 279 2548 sed
302 2509 445 2549 etiam
473 2518 608 2563 super
635 2506 834 2550 Domino
861 2505 1120 2560 Salvatore‚
1149 2510 1196 2547 et
1223 2515 1360 2560 super
1375 2501 1473 2559 Spi-

68 2583 165 2624 ritu
191 2589 361 2626 sancto.

192 2803 232 2857 ¹)
263 2803 350 2845 Cfr.
381 2804 482 2845 Hos.
514 2808 546 2855 1,
580 2808 615 2848 1.
739 2806 782 2859 2)
816 2807 902 2847 Ckr.
933 2805 1111 2847 Baruch.
1143 2805 1216 2852 ΙΙΙ,
1246 2803 1310 2846 37.
