1759 3125
254 116 311 159 81
679 114 822 157 Pau-m
853 114 1072 157 Damam
1106 113 1271 155 Ηυετιῐ

262 227 426 284 nius‚¹)
468 228 583 283 quod
622 229 886 283 repudiatam
937 228 1044 267 lianc
1085 243 1106 266 a
1150 226 1339 266 Fabiano
1384 226 1693 281 professionem

264 305 376 355 fidei,
411 317 450 346 et
482 305 622 361 ipsum
653 307 705 346 ad
739 322 925 347 caussam
959 304 1183 344 dicendam
1225 303 1404 344 accitum
1448 302 1574 342 fuisse
1610 302 1695 341 lto·

266 400 377 423 mam
411 383 641 435 Origenem
683 385 786 424 dolo
828 384 941 423 malo
983 381 1222 421 reticuerit:
1264 382 1337 421 sed
1377 380 1458 437 jam
1490 396 1615 434 supra
1647 380 1697 418 ab

267 461 343 500 hac
373 459 553 501 Baronii
586 461 793 502 calumnia
825 459 1059 502 Eusebium
1093 457 1418 498 vindicavimus:
1466 473 1562 498 nain
1595 455 1696 511 quid

268 538 344 578 bac
384 537 651 592 professione
691 539 849 578 sactum
896 537 970 586 sit,
1020 534 1230 575 incertum
1263 546 1344 584 est,
1387 547 1428 574 et
1467 535 1698 575 admodum

270 615 401 655 semel
432 615 615 655 Romam
647 613 769 654 ivisse
807 613 1037 665 Origenern
1071 612 1351 652 certissimum
1384 622 1458 651 est.

383 692 498 734 XIV.
561 694 618 732 At
638 691 681 745 2)
724 691 916 730 nondum
959 690 1083 730 etiam
1126 687 1398 729 Adamantius
1439 687 1699 727 vacationem

272 787 292 811 a
340 769 556 809 laboribus
595 768 752 809 habuit.
829 768 988 808 Exorta
1036 767 1196 823 quippe
1235 782 1348 806 nova
1388 766 1501 820 apud
1543 765 1701 804 Arabes

273 846 446 895 haeresi,
479 862 584 902 quae
617 845 797 885 animam
829 845 970 885 statim
1001 862 1023 886 a
1053 857 1192 885 morte
1226 861 1321 885 cum
1350 843 1601 898 corporibus
1635 859 1702 882 ex·-

274 923 456 976 stingui‚
497 935 621 978 atque
653 921 803 961 itidem
836 938 932 962 cum
965 921 1216 978 corporibus
1247 922 1289 962 in
1321 933 1505 961 extrema
1537 919 1603 959 die
1636 935 1703 958 ex-

276 1002 449 1042 citatum
482 999 534 1039 iri
565 998 792 1048 sciscebat,
826 1011 1021 1040 coactum
1051 1000 1191 1040 statim
1224 1011 1285 1039 est
1315 1000 1511 1054 frequens
1547 995 1702 1038 Conci-

275 1080 394 1128 lium,
426 1079 477 1118 ad
509 1076 638 1133 idque
673 1077 828 1117 accitus
862 1077 1066 1128 Origenes
1089 1074 1341 1117 Haereticos'
1368 1075 1581 1116 rationum
1612 1089 1703 1114 sua-

276 1174 369 1198 rum
401 1153 629 1196 momentis
663 1155 882 1195 convictos
924 1167 965 1195 et
997 1171 1222 1210 oppressos
1254 1154 1305 1194 ad
1334 1153 1555 1194 meliorem
1587 1168 1703 1191 men-

278 1247 361 1274 tem
406 1232 601 1274 traduxit.
680 1231 777 1271 Pari
803 1232 844 1287 3)
896 1248 1066 1288 quoque
1113 1231 1318 1272 felicitate
1369 1230 1702 1271 Helcesaitarum

276 1312 528 1359 doctrinam,
560 1308 732 1364 aPapia
756 1308 938 1349 Achaiae
969 1311 1219 1367 presbytero
1253 1308 1358 1349 olim
1391 1324 1486 1348 cum
1518 1309 1701 1362 primum

279 1390 463 1430 oriretur
494 1397 792 1442 expugnatam,
835 1397 936 1425 tunc
967 1398 1254 1426 renascentem
1290 1387 1454 1433 denuo,
1484 1400 1569 1424 non
1604 1399 1705 1422 con-

277 1465 558 1519 gressionibus
599 1476 641 1504 et
682 1462 933 1518 colloquiis,
974 1465 1047 1503 sed
1077 1463 1243 1520 scriptis
1274 1463 1480 1520 contudit.
1544 1465 1706 1502 Auctor

278 1543 599 1591 Theodoretus,
621 1540 662 1596 4)
711 1540 783 1596 qui
816 1540 916 1581 haec
947 1541 1096 1581 habet:
1136 1539 1246 1583 κατὰ
1286 1539 1446 1594 ταύτης
1477 1542 1548 1594 τῆς
1579 1541 1705 1595 αἱρέ-

281 1638 390 1675 σεῳς
411 1620 646 1676 Ὠριγένης
678 1622 972 1675 συνέγραψεν
1003 1617 1206 1671 ἀληθῶς·
1243 1614 1539 1675 συνεκρότησε
1560 1618 1607 1659 δὲ
1630 1615 1706 1658 αὐ-

279 1699 363 1754 τὴν
388 1696 693 1752 Ἀλκιβιάδης,
737 1697 784 1746 ἒξ
810 1696 1058 1752 Ἀπαμείας
1097 1698 1174 1749 τῆς
1213 1698 1383 1749 Συρίας
1424 1691 1704 1752 ὁρμώμενος.

279 1777 524 1830 [egendum
562 1776 767 1816 fortasse:
812 1771 1129 1829 συνεκράτησε.
1201 1772 1272 1813 Sic
1315 1772 1425 1813 enim
1467 1773 1518 1812 de
1559 1772 1705 1811 eadem

281 1872 325 1895 re
364 1854 651 1909 Nicephorus:
679 1853 721 1906 ⁵)
776 1849 888 1894 κατὰ
937 1851 987 1893 δὲ
1028 1847 1188 1904 ταύτης
1227 1853 1304 1892 καὶ
1339 1847 1622 1905 Ἀλκιβιάδης
1660 1849 1706 1896 ἒξ

275 1932 521 1987 Ἀπαμείας
568 1932 642 1983 τῆς
683 1933 854 1986 Συρίας
900 1925 1153 1981 πάμπολλα
1196 1926 1481 1982 ἠγωνίσατο·
1525 1927 1707 1983 ’.Ωριγέ-

283 2025 359 2062 νης
391 2009 438 2050 δὲ
471 2011 562 2054 τοῖς
600 2005 690 2048 κατ’
734 2006 868 2059 αὐτῆς
906 2006 1106 2059 ἐλέγχοις
1145 2003 1362 2059 ἧρίστευε.
1435 2004 1705 2058 Quamquam

281 2085 386 2126 nihil
427 2084 615 2124 affirmo:
665 2099 763 2123 nam
801 2079 1034 2137 Nicephori
1075 2079 1315 2120 auctoritati
1356 2097 1506 2136 parum
1546 2080 1705 2120 tribuo.

283 2161 508 2202 Geminam
546 2160 652 2200 hanc
692 2161 743 2199 ab
776 2158 960 2210 Origene
1000 2156 1223 2197 victoriam
1256 2158 1358 2198 dolo
1391 2159 1504 2198 malo
1535 2157 1707 2198 reticuit

283 2238 491 2290 Georgius
523 2237 767 2295 Syncellus,
808 2235 1072 2276 Graecorum
1116 2234 1305 2275 omnium
1346 2253 1511 2276 rnorem
1541 2235 1582 2276 in
1613 2251 1705 2286 sug-

281 2316 466 2370 gillando
501 2314 685 2367 Origene
724 2324 903 2354 secutus,
962 2313 1051 2352 Nec
1093 2312 1323 2353 absurdum
1363 2315 1538 2355 fortasse
1577 2311 1705 2354 suerit

406 2568 445 2623 ¹)
480 2567 567 2608 Cfr.
598 2565 752 2606 Baron.
785 2565 836 2605 ad
867 2581 958 2605 ann.
989 2565 1084 2609 248.
1115 2583 1229 2607 num.
1262 2566 1298 2609 1.
1330 2566 1368 2609 2.

399 2638 441 2691 ²)
475 2637 561 2682 Cfr.
593 2636 746 2676 Euseb.
778 2635 887 2678 Hist.
921 2635 1069 2678 eccles.
1104 2636 1175 2677 lib.
1211 2637 1281 2676 VI.
1315 2653 1401 2691 cap.
1436 2635 1502 2677 37.

400 2708 443 2761 ³)
477 2706 563 2747 Cfr.
595 2705 751 2746 Euseb.
783 2706 890 2747 Hist.
925 2707 1075 2749 eccles.
1110 2707 1182 2747 lib.
1213 2707 1282 2746 VI.
1316 2723 1403 2761 cap.
1436 2706 1504 2748 38.

396 2778 437 2831 ⁴)
471 2777 556 2818 Cfr.
590 2776 851 2818 Theodoret.
883 2777 1008 2817 Haer.
1040 2777 1143 2817 Fab.
1177 2776 1249 2818 lib.
1282 2777 1333 2818 ll.
1369 2793 1456 2831 cap.
1488 2777 1527 2818 8.

393 2849 434 2903 ⁶)
467 2847 564 2889 Cfr.,
584 2846 812 2903 Nicephor.
846 2846 918 2888 lib.
946 2847 996 2889 V.
1030 2862 1120 2902 cap.
1152 2846 1221 2889 24.
