1759 3125
474 106 862 148 OMGENIANORUM
892 104 1035 145 Lmssr.
1063 105 1114 145 11.
1402 103 1483 149 187

79 217 337 276 Epiphanius
382 216 550 256 Haeres.
583 214 650 257 64.
702 231 791 269 cap.
822 213 863 257 8.
906 214 1020 255 vocis
1059 212 1246 270 γενητός
1282 231 1404 256 usum
1441 217 1486 257 in

81 297 172 337 aliis
202 295 549 350 probaturum'se
581 291 704 341 dicit,
742 291 786 331 in
826 291 1009 343 Origene
1051 292 1260 332 damnare.
1331 291 1488 333 Contra

82 388 129 413 ea
168 386 289 420 vero,
342 384 446 423 quae
487 367 623 418 addit,
665 369 775 408 velle
822 368 1051 421 Origenem
1090 371 1202 411 κατὰ
1235 366 1373 426 χάριν
1410 366 1490 410 τὸν

79 445 181 491 υἱὸν
211 444 350 489 αὐτὸν
380 448 637 489 καλεῖσθαι·
679 456 845 500 promta
886 457 946 485 est
985 461 1033 485 ex
1069 445 1162 500 ipso
1205 444 1387 497 Origene
1420 445 1492 485 de-

79 524 228 574 fensio,
261 522 331 579 qui
363 522 516 563 diserte
549 523 676 562 docet
705 522 830 562 Tom.
852 522 901 562 ll.
932 526 976 562 in
1006 522 1160 563 Joann.
1190 538 1307 562 num.
1331 521 1368 564 6.
1397 519 1491 579 μό·-

79 617 164 645 νον
192 598 272 644 τὸν
309 602 540 656 μονογενῆ
582 596 715 655 (suaet
756 597 856 641 υἱὸν
896 597 1096 654 ἀρχῆθεν
1138 597 1404 654 τυγχάνειν·
1449 610 1491 640 et

78 677 172 718 libr.
196 677 286 718 VII.
317 676 360 717 in
395 675 561 731 epistol.
592 676 643 715 ad
668 676 792 715 Rom.
821 692 935 717 num.
964 675 1000 718 1.
1060 675 1188 718 Sicut
1208 677 1329 715 enim
1359 675 1498 717 multi

79 759 187 794 sunt
216 753 329 795 Fc'lz'c'
354 753 465 804 Dei,
515 757 568 792 ut
603 750 851 806 Scriptura
890 749 1024 794 dicit:
1060 752 1177 804 „Ego
1198 752 1236 808 ¹)
1271 751 1376 793 dixi:
1417 752 1490 793 Dii

83 830 200 880 estis,
232 842 272 870 et
300 829 377 870 filii
407 827 572 869 Excelsi
610 834 817 869 omnes:“
861 841 980 870 unus
1016 835 1172 870 tamen
1209 835 1279 870 est
1315 837 1493 871 natura

81 905 241 961 Filius,
272 912 318 947 et
354 904 628 961 Um‘gem‘tus
658 902 712 945 de
741 904 901 947 Patre.

194 983 431 1024 Commode
463 998 562 1022 vero
595 992 829 1036 exponetur
859 982 977 1022 locus
1008 998 1030 1022 a
1053 981 1251 1023 Diodoro
1282 982 1494 1038 recitatus,

83 1059 157 1100 ubi
186 1059 256 1099 lux
286 1075 309 1099 a
337 1057 434 1099 Deo
465 1059 695 1114 producta,
727 1058 834 1098 Gen.
867 1059 899 1108 I,
931 1057 995 1111 3.‚
1033 1059 1169 1100 Filius
1209 1075 1295 1100 esse
1328 1061 1494 1111 dicitur,

84 1136 119 1177 si
155 1137 503 1191 respondeamus,
548 1135 593 1176 id
638 1134 861 1187 allegorice
907 1136 959 1175 ad
1002 1136 1163 1176 Filium
1213 1138 1264 1177 ab
1312 1138 1494 1190 Origene

83 1212 211 1253 fuisse
239 1213 431 1253 relatum.
494 1211 708 1266 Quoniam
750 1211 861 1252 enim
900 1228 1112 1269 nunquam
1150 1229 1236 1253 non
1278 1214 1381 1255 dicit
1418 1216 1497 1257 Pa-

83 1301 169 1331 ter:
201 1290 377 1345 ‚‚Ego²)
409 1289 535 1329 hodie
567 1289 689 1341 genui
719 1295 819 1330 te:“
850 1289 993 1330 induci
1024 1306 1195 1346 quoque
1225 1302 1367 1346 potest
1390 1308 1498 1332 sem-

85 1383 163 1422 per
193 1367 354 1408 dicens:
387 1367 590 1418 Gignatur
618 1367 753 1407 Filius
783 1383 923 1416 meus,
956 1367 1027 1422 qui
1059 1378 1118 1407 est
1148 1368 1218 1407 lux
1248 1384 1356 1408 vera.
1403 1369 1499 1410 Fir-

87 1456 174 1484 mat
208 1444 314 1483 hanc
350 1443 671 1498 responsionem
709 1460 789 1484 vox
829 1442 1113 1500 γεννηθήτω·
1151 1446 1410 1499 gegnatur:
1438 1446 1498 1487 sic

89 1522 200 1561 enim
231 1521 383 1573 legitur
413 1520 455 1559 in
495 1519 668 1568 Catena‚
706 1535 791 1559 non
829 1530 876 1559 ut
912 1520 1060 1571 vulgo:
1102 1520 1358 1577 γενηθήτω·
1382 1521 1499 1576 fiat.

87 1598 260 1639 Penitus
290 1613 389 1637 vero
420 1596 464 1636 id
497 1596 767 1636 confirmatur
798 1612 844 1635 ex
876 1612 947 1646 ee,
987 1598 1100 1652 quod
1138 1596 1196 1637 ait
1235 1598 1360 1640 Tom.
1394 1600 1424 1640 I.
1455 1599 1500 1640 in

90 1676 245 1715 Joann.
278 1689 391 1713 num.
422 1672 510 1721 22,
554 1671 724 1730 jubente
769 1673 892 1712 Patre
921 1685 969 1713 ut
998 1674 1118 1714 fieret
1163 1674 1257 1728 lux,
1301 1677 1498 1719 mandato

89 1751 226 1792 Patris
267 1751 629 1804 obtemperantem
667 1749 825 1790 Filium
875 1750 1011 1791 lucem
1060 1767 1231 1792 creasse.
1299 1752 1430 1806 Quod
1468 1755 1503 1795 si

94 1827 249 1868 creavit
278 1827 430 1874 lucem,
461 1826 531 1866 lux
560 1828 637 1867 ista
671 1838 806 1867 creata
836 1827 924 1883 ipse
955 1828 1101 1883 utique
1131 1845 1217 1868 non
1250 1840 1323 1871 est.

205 1903 364 1944 XXIV.
427 1901 641 1955 Quorsum
681 1920 779 1944 vero
812 1916 878 1944 tot
908 1905 1148 1957 ambagibus
1181 1906 1414 1947 detinemus
1444 1908 1504 1949 le-

96 1991 268 2029 ctorem,
292 1979 543 2034 explicandis
565 1980 764 2029 verbulis,
794 1993 834 2021 et
855 1982 1098 2022 evolvendis
1123 1982 1386 2024 sententiolis
1417 1985 1504 2025 fru-

95 2069 177 2100 stra
206 2057 506 2099 immorantes?
553 2057 796 2113 Praestat3)
839 2057 928 2112 ipsa
974 2057 1248 2111 Origenianae
1288 2061 1506 2102 doctrinae

99 2283 202 2320 gene
233 2266 470 2309 existimari.
529 2269 636 2309 Nam
674 2270 935 2308 voluntatem
974 2269 1110 2310 Patris
1151 2269 1192 2309 in
1235 2269 1350 2310 Filio
1381 2272 1509 2323 nasci,

100 2336 348 2394 γινόμενον
380 2340 428 2380 ἐν
457 2341 518 2394 τῷ
550 2342 657 2394 υἱῷ,
701 2340 902 2390 declarat,
935 2351 980 2379 ut
1009 2355 1132 2393 supra
1167 2339 1357 2383 vidimus.
1417 2343 1511 2385 Do-

101 2410 250 2449 mc'nus
278 2406 502 2450 Prudent.
534 2408 706 2450 Μαι-απ
747 2407 801 2450 de
839 2406 1082 2451 divinitate
1125 2407 1299 2452 Christe·
1327 2412 1401 2454 lc'b.
1431 2413 1511 2456 IV.

106 2492 201 2533 cap.
234 2478 297 2520 15.
330 2491 448 2519 mim.
474 2479 508 2521 1.
542 2480 590 2519 lt.

223 2547 262 2602 ¹)
292 2548 450 2589 Psalxu.
479 2549 694 2599 LXXXH,
725 2549 763 2597 6,
796 2548 1035 2605 (LXXXI.)

223 2616 266 2670 2)
297 2617 433 2658 Psalm
478 2619 531 2668 ll,
567 2619 604 2661 7.

224 2686 266 2740 3)
299 2687 347 2726 P..
379 2687 420 2727 iu
450 2688 581 2729 notis:
622 2689 744 2738 „Hoc
781 2706 866 2730 non
913 2701 973 2730 est
1009 2688 1097 2744 ipsa
1138 2689 1412 2742 origenianae
1444 2691 1519 2730 do-

113 2753 265 2794 ctrinae
297 2759 527 2809 penetralia
556 2759 754 2808 scrutari,
787 2761 932 2813 iuquit
976 2758 1139 2801 Rullus
1175 2763 1223 2801 in
1262 2758 1434 2813 (lcgfens.
1454 2759 1521 2813 s-

113 2822 188 2867 dec·
214 2823 446 2867 Mcaenae
490 2826 543 2869 de
574 2827 687 2870 Fila·
724 2833 782 2885 τῷ
816 2827 1047 2884 ὁμοουῆίῳ
1079 2843 1174 2884 cap.
1206 2829 1243 2873 9.
1284 2842 1404 2870 uum.
1440 2829 1521 2883 14„
