1759 3125
463 116 853 157 OmGEmANORUM
883 112 1026 153 LIBER
1056 111 1111 153 Ιῐ.
1396 112 1475 157 331

69 231 158 288 jure
189 245 312 270 manu
346 238 584 268 consertum
614 225 783 281 repetit,
813 224 923 265 mala
953 224 1109 272 solum,
1140 233 1180 262 et
1195 221 1480 272 incommoda,

71 320 110 349 et
142 321 245 363 quae
276 305 458 344 humano
491 302 631 356 generi
661 302 784 343 noxia
816 313 932 349 sunt,
962 300 1200 341 sterilitates
1230 311 1345 354 puta,
1376 300 1483 339 caln-

67 383 256 430 mitates‚
297 379 523 430 siccitates,
560 378 866 434 pestilentiam,
905 376 1068 432 aliaque
1099 375 1142 415 id
1173 392 1300 427 genus
1330 377 1381 416 ad
1412 393 1484 416 au-

69 470 204 499 ctores
236 457 463 496 daemones
492 456 702 505 referens,
748 454 891 494 divino
933 451 1092 509 judicio
1125 451 1248 493 certis
1276 452 1484 508 tempori-

66 536 143 576 bus
180 534 286 574 hanc
327 535 548 574 adversum
579 531 770 572 homines
799 541 1051 587 potestatem
1081 530 1379 580 nanciscentes,
1408 532 1482 571 sed

68 611 265 651 adversus
296 609 452 665 impios
482 607 744 666 praesertim,
776 619 817 648 et
852 623 874 647 a
905 605 989 647 Dei
1021 606 1137 646 cultu
1167 606 1342 651 alienos,
1399 609 1483 648 Ve-

66 704 160 729 rum
190 699 331 728 tamen
363 686 473 726 libro
507 684 545 728 3.
579 687 683 739 περὶ
725 682 878 743 ἀρχῶν
917 698 1005 738 cap.
1037 682 1077 727 3.
1114 698 1229 723 num.
1257 682 1296 725 2.
1328 681 1367 726 3.
1400 683 1483 724 dis-

70 764 345 819 ciplinarum,
385 774 427 803 et
455 761 608 804 artium
638 772 892 817 potestatem
922 758 1210 816 spiritualibus
1233 759 1481 815 quibusdam

67 840 215 880 mundi
253 838 374 897 hujus
412 837 588 891 encrgiis
628 854 676 878 ac
718 836 942 877 virtutibus
972 834 1192 887 adscribit3
1229 847 1353 892 atque
1385 837 1483 878 inde

68 917 262 958 exsistere
292 917 458 957 furores
487 915 693 972 poeticos,
724 913 1004 956 divinationes
1034 924 1076 953 et
1104 912 1283 964 magiam
1314 914 1487 955 arbitra-

68 1005 148 1035 tur.
210 993 331 1047 Quae
361 1009 458 1033 sane
490 1009 538 1033 ex
571 992 847 1041 Graecorum,
878 1006 1014 1031 musas
1046 991 1245 1048 quasdam
1276 991 1486 1033 doctrina-

69 1087 162 1110 :um
193 1068 417 1126 praesides,
451 1081 492 1109 et
521 1070 640 1110 Deos
668 1072 950 1125 μουσηγέτας
980 1066 1240 1121 fingentium,
1271 1067 1487 1122 theologia

74 1170 84 1180 ι
128 1158 264 1187 lentur
292 1162 381 1187 esse
411 1146 555 1202 petita.

181 1225 320 1264 XXX.
379 1224 591 1264 Hactenus
631 1223 683 1263 de
722 1223 922 1262 alterutra
960 1221 1206 1274 angelorum
1246 1223 1314 1263 vel
1351 1224 1489 1264 bono-

72 1317 179 1351 rum,
210 1301 279 1341 vel
309 1301 519 1340 malorum
549 1299 788 1355 stipatione,
820 1298 1041 1347 Gentibus,
1071 1297 1326 1349 hominibus,
1357 1311 1398 1340 et
1428 1300 1491 1340 in-

72 1377 220 1417 animis
256 1377 382 1417 etiam
409 1378 533 1417 rebus
564 1375 728 1426 addita,
757 1375 869 1432 juxta
901 1375 1096 1428 Origenis
1125 1376 1373 1419 sententiam
1406 1377 1489 1418 dis-

72 1454 290 1496 seruimus.
349 1455 472 1494 Nunc
503 1454 554 1493 de
585 1464 884 1508 utrorumque,
923 1454 1134 1493 bonorum
1174 1452 1301 1493 simul
1332 1465 1374 1494 et
1402 1471 1491 1495 ma-

72 1533 212 1572 lorum
243 1531 490 1583 angelorum
521 1529 730 1571 Gentibus
761 1541 804 1570 et
833 1530 1073 1571 hominibus
1099 1529 1386 1572 adsistentium
1419 1548 1491 1572 co-

74 1609 226 1650 mitatu
264 1624 470 1664 quaenam
507 1609 559 1648 ab
602 1624 652 1648 eo
691 1607 842 1647 tradita
880 1607 981 1657 sint,
1018 1607 1292 1663 disputemus.
1353 1608 1490 1649 Malos

74 1687 243 1739 angelos
272 1687 385 1727 haud
414 1701 532 1726 secus
562 1700 608 1725 ac
638 1685 775 1725 bonos
804 1684 845 1724 in
876 1684 1035 1725 Gentes
1064 1695 1207 1725 tenere
1237 1695 1492 1740 potestatem

79 1764 231 1804 scitum
272 1774 333 1803 est
373 1762 567 1814 Origenis
605 1762 700 1803 libr.
734 1761 843 1802 VIII.
885 1773 1017 1802 contr.
1052 1761 1221 1804 Celsum
1261 1778 1376 1803 num.
1409 1762 1492 1815 34,

80 1852 121 1881 et
151 1841 277 1880 Hom.
311 1838 378 1881 12.
407 1839 450 1879 in
480 1840 581 1882 Luc.
639 1834 791 1893 Neque
820 1839 961 1889 enim,
992 1837 1151 1895 inquit,
1179 1837 1259 1890 fas
1287 1845 1357 1881 est
1387 1852 1492 1881 cre-

80 1916 188 1958 dere
218 1915 362 1958 malos
392 1915 583 1971 angelos
611 1917 702 1956 suis
725 1926 938 1970 praeesse
963 1916 1230 1969 provincias,
1269 1921 1316 1957 et
1359 1913 1494 1958 bonos

78 2007 169 2037 non
199 1991 382 2035 easdem
409 1995 673 2049 provincias
700 1990 871 2032 habere
902 1994 1166 2047 permissas.
1224 1993 1352 2045 Leges
1381 1994 1497 2034 simi-

80 2072 138 2114 lia
167 2071 263 2112 libr.
294 2071 370 2111 III.
401 2073 507 2126 περὶ
537 2068 704 2126 ἀρχῶν,
740 2085 829 2124 cap.
861 2068 898 2112 3.
939 2086 1052 2111 num.
1081 2069 1120 2112 2.
1151 2069 1190 2113 3.
1224 2080 1266 2110 et
1294 2070 1422 2113 Hom.
1451 2071 1494 2115 9.

80 2149 124 2190 in
154 2149 306 2190 Genes.
336 2164 453 2188 num.
483 2147 537 2199 3.,
566 2147 610 2187 in
641 2163 721 2203 qua
760 2147 978 2203 Apostolis
1013 2148 1186 2187 verbum
1215 2147 1299 2190 Dei
1329 2149 1496 2203 praedi·

83 2227 271 2268 cantibus
302 2227 353 2266 ad
383 2224 641 2265 iracundiam
674 2224 905 2266 concitatos
944 2224 1072 2282 fuisse
1112 2224 1214 2265 dicit
1244 2226 1413 2276 angelos
1443 2225 1495 2265 il-

83 2305 171 2355 los,
223 2303 294 2359 qui
342 2302 523 2354 singulas
572 2319 756 2361 quasque
794 2303 982 2343 nationes
1021 2301 1202 2360 imperio
1233 2303 1495 2358 premebant.

87 2381 168 2423 Cui
197 2380 453 2422 adstruendo
492 2380 665 2421 citatum
693 2391 867 2437 usurpat
906 2380 1049 2420 locum
1088 2395 1110 2419 e
1142 2378 1316 2422 Cantico
1349 2379 1497 2431 Mosis,

89 2460 326 2500 Deuteron.
357 2457 558 2508 XXXII,
585 2457 624 2501 8.
655 2457 693 2501 9.
712 2490 722 2509 ‚
754 2474 880 2514 quem
911 2469 953 2498 et
981 2458 1108 2498 Hom.
1141 2456 1210 2501 35.
1242 2456 1285 2498 in
1313 2457 1414 2500 Luc.
1444 2459 1496 2499 ad

89 2536 262 2577 eosdem
291 2534 427 2576 malos
463 2534 632 2587 angelos
667 2535 985 2592 interpretando
1026 2533 1246 2577 convertit.
1301 2535 1497 2577 Eundem

90 2630 190 2655 vero
221 2613 383 2654 Homil.
412 2610 451 2655 8.
490 2610 534 2651 in
571 2611 705 2653 Exod.
750 2629 864 2654 num.
895 2613 934 2656 2.
972 2628 1098 2668 super
1137 2612 1220 2652 hoc
1251 2625 1496 2665 argumento

93 2692 327 2752 proferens,
355 2706 443 2730 non
473 2688 569 2729 satis
599 2701 772 2746 apparet
802 2692 854 2732 ad
884 2691 1083 2741 malosne,
1114 2707 1165 2731 an
1194 2692 1246 2732 ad
1262 2693 1398 2732 bonos
1428 2708 1499 2732 an-

62 2778 64 2780 ’
95 2769 211 2820 gelos
241 2768 450 2824 pertinere
481 2768 595 2808 velit.
653 2769 720 2810 Ad
744 2771 879 2812 bonos
911 2786 1009 2811 vero
1041 2781 1182 2826 aperte
1214 2769 1343 2810 refert
1371 2770 1497 2810 Tom.

99 2845 212 2906 Xlll.
244 2845 285 2886 in
314 2846 464 2889 Joann.
495 2863 611 2890 uum.
646 2847 711 2891 49.
