1759 3125
269 79 349 124 152
684 76 827 119 Parni
859 77 1073 118 Dmms
1105 75 1273 117 Ηυετη

266 207 346 247 quc
388 191 642 246 complures.
719 192 863 247 Itaque
910 196 1006 231 cu'm
1048 189 1278 241 Origenem
1318 190 1398 229 lioc
1442 200 1688 241 argumento

267 280 410 309 tuetur
439 267 723 309 Bellarminus
756 268 827 310 lib.
859 269 891 308 I.
934 268 985 306 de
1029 265 1180 306 Christ.
1214 283 1302 322 cap.
1335 266 1414 315 10,
1447 267 1560 321 quod
1593 283 1688 307 sana

271 357 311 386 et
344 346 580 385 orthodoxa
613 345 740 386 suerit
774 342 1062 401 praeceptoris
1103 343 1232 398 ipsius
1272 343 1527 393 Clementis,
1566 343 1690 384 disci-

270 423 470 478 pulorum
511 422 706 480 Dionysii
748 420 1040 470 Alexandrini,
1081 432 1122 460 et
1162 421 1358 472 Gregorii
1390 421 1693 473 Tliaumaturgi

271 501 322 540 de
363 499 561 557 mysterio
603 512 766 540 sanctae
807 498 1024 539 Trinitatis
1066 498 1237 553 opinio:
1287 498 1490 539 credibile
1530 498 1690 553 quippe

272 592 371 626 esse,
404 592 528 632 quam
561 593 581 617 a
614 577 834 618 Clemente
867 575 1101 616 doctrinam
1134 587 1368 630 acceperat,
1404 576 1577 616 eandem
1605 592 1625 615 a
1648 591 1690 614 se

272 655 479 694 excultam
513 653 732 709 discipulis
764 654 847 694 suis
878 653 1118 694 tradidisse:
1161 652 1267 692 nihil
1306 655 1503 708 profecto
1544 652 1692 704 Orige-

269 731 415 772 nianac
446 748 610 772 caussae
654 731 910 771 contrarium
951 730 1079 782 magis
1120 730 1259 770 dicere
1301 731 1453 786 potuit.
1523 729 1693 771 Nullius

272 809 380 848 enim
415 827 463 848 ex
495 807 556 848 his
586 809 718 849 tribus
749 808 845 849 satis
876 810 972 865 puri
1002 808 1173 848 fuerunt
1212 818 1252 848 et
1291 807 1438 859 integri
1471 808 1522 847 de
1554 806 1695 847 Trini-

271 897 354 925 tate
385 902 549 925 sensus:
581 901 676 925 nam
710 897 749 925 et
786 885 881 925 Filii
912 885 1185 925 substantiam
1216 901 1236 925 a
1268 897 1438 940 paterna
1471 884 1528 924 ita
1558 901 1694 924 secer-

271 962 333 1003 nit
366 963 584 1013 Clemens,
616 976 662 1004 ut
693 963 939 1003 inferiorem
981 979 1071 1004 eam
1111 974 1285 1003 statuat:
1327 961 1560 1020 Dionysius
1591 978 1691 1001 vero

272 1040 578 1080 Alexandrinus
622 1040 785 1080 Filium
837 1039 972 1081 Patris
1022 1045 1220 1096 ποίημα,
1273 1039 1394 1095 eique
1445 1038 1692 1079 dissimilem

274 1133 360 1157 esse
394 1117 512 1167 dixit,
544 1129 585 1157 et
615 1117 767 1174 ιὶᾳῆκε
800 1116 958 1173 ‘sowing
990 1115 1150 1170 ἣκιστα
1183 1116 1445 1171 πρεπούσας
1469 1119 1526 1172 τῷ
1553 1114 1694 1159 πνεύ-

272 1212 396 1249 ματι,
426 1208 551 1236 voces
581 1193 783 1251 Spiritui
801 1207 975 1250 parum
1007 1197 1322 1236 convenientes
1354 1196 1525 1244 emisit,
1557 1193 1695 1249 inquit

272 1271 450 1313 Basilius
483 1272 601 1328 epist.
633 1273 715 1322 41„
749 1289 768 1312 a
803 1288 887 1328 quo
920 1271 1138 1324 castigatus
1171 1288 1341 1327 quoque
1374 1283 1432 1311 est
1465 1270 1696 1323 Gregorius

273 1349 622 1401 Thaumaturgus,
654 1351 771 1405 quod
794 1349 955 1390 Filium
985 1361 1129 1405 aperte
1162 1361 1346 1389 creatum
1375 1347 1695 1403 praedicaverit.

277 1428 394 1467 Adeo
437 1439 481 1467 ut
519 1444 668 1482 parum
707 1438 914 1467 attentum
952 1427 1081 1467 fuisse
1117 1425 1377 1467 Anastasium
1418 1425 1696 1466 bibliotheca-

274 1504 384 1544 rium
414 1505 649 1559 putandum
680 1502 756 1552 sit,
797 1521 891 1544 cum
933 1503 990 1544 ait
1030 1504 1071 1544 in
1103 1503 1291 1544 Historia
1332 1503 1384 1543 ad
1415 1519 1505 1542 aun.
1540 1501 1693 1543 Christi

275 1579 384 1629 24&
418 1581 562 1621 laudes
595 1580 790 1633 Gregorii
823 1581 1124 1633 'l'haumaturgi
1165 1581 1332 1622 silentio
1372 1578 1568 1635 pressisse
1607 1579 1694 1619 Eu-

277 1658 460 1707 sebium,
504 1659 620 1714 quod
659 1660 709 1699 ab
751 1658 946 1711 Origenis
987 1670 1028 1698 et
1068 1657 1158 1699 Arii
1197 1656 1484 1698 deliramentis
1522 1672 1696 1712 prorsus

277 1737 405 1777 fuerit
435 1736 615 1778 alienus:
659 1754 753 1777 cum
795 1749 837 1777 et
867 1738 968 1778 haec
1000 1736 1275 1776 deliramenta
1305 1734 1358 1776 sit
1387 1745 1588 1784 sectatus,
1617 1750 1695 1774 nec

277 1813 470 1854 laudibus
510 1831 605 1854 eum
646 1807 911 1870 Eusebius¹)
953 1813 1221 1854 fraudaverit.
1281 1813 1455 1853 Constat
1500 1811 1697 1867 denique,

276 1907 329 1931 ne
359 1891 505 1932 Basilii
528 1891 699 1947 quidem
722 1891 1000 1947 temporibus,
1032 1907 1078 1931 ac
1102 1889 1410 1931 recentioribus
1429 1889 1567 1940 etiam,
1600 1888 1697 1943 Spi-
1748 1915 1754 1925 .

278 1967 381 2007 ritus
411 1968 541 2009 sancti
573 1969 835 2009 divinitatem
866 1980 1009 2024 aperte
1040 1966 1232 2022 profiteri
1271 1982 1390 2006 ausos
1421 1982 1508 2006 esse
1540 1965 1697 2007 Catho-

278 2044 397 2094 licos,
426 2061 479 2084 ne
509 2045 993 2085 Pneumatomachorum
1024 2043 1298 2099 petulantiam
1329 2043 1632 2098 experirentur.

392 2123 550 2162 Verum
592 2133 733 2162 tamen
772 2139 866 2161 cum
906 2120 1154 2162 inferiorem
1190 2120 1315 2160 Patre
1345 2119 1528 2169 Filium,
1578 2119 1694 2161 Filio

282 2198 488 2254 Spiritum
520 2209 706 2238 sanctum
742 2198 815 2238 visi
846 2210 941 2238 sunt
972 2198 1036 2237 illi
1068 2208 1270 2247 statuere,
1309 2198 1359 2237 ad
1399 2197 1694 2239 auctoritatem

280 2274 494 2331 principii,
527 2274 710 2327 originis,
743 2291 921 2324 caussae,
951 2274 1222 2330 paternitatis,
1255 2286 1295 2314 et
1323 2274 1592 2330 ἄγεννησίας
1607 2277 1695 2316 fere

283 2353 571 2402 attenderunt,
614 2368 718 2408 quae
763 2352 873 2393 inter
910 2363 1073 2392 sanctae
1105 2351 1320 2392 Trinitatis
1350 2360 1549 2408 personas
1581 2353 1697 2394 ordi-

283 2446 380 2469 nem
412 2429 593 2485 aliquem
627 2429 857 2470 constituit.
917 2431 1025 2470 <Nam
1057 2430 1171 2485 quod
1202 2429 1327 2470 Pater
1355 2429 1612 2484 principium
1643 2430 1696 2470 sit

285 2519 324 2547 et
356 2507 473 2558 origo
503 2507 625 2556 Filii,
657 2507 793 2563 major
821 2507 936 2547 Filio
970 2519 1011 2547 et
1041 2506 1241 2558 dignitate
1270 2507 1456 2547 anterior
1486 2506 1570 2546 dici
1601 2519 1697 2562 pot-

286 2596 359 2633 est,
391 2585 545 2639 absque
576 2585 667 2623 ullo
698 2595 836 2624 tamen
868 2595 1053 2631 naturae,
1084 2583 1409 2639 perfectionisve
1442 2583 1694 2625 discrimine.

410 2815 447 2870 ¹)
480 2815 564 2857 Cfr.
595 2814 748 2855 Euseb.
781 2814 888 2855 Hist.
920 2815 1065 2858 eccles.
1098 2815 1170 2857 lib.
1203 2814 1271 2875 Vl:
1304 2831 1393 2871 cap.
1423 2815 1490 2859 30.
