<?xml version="1.0" encoding="UTF-8"?>
<!DOCTYPE html PUBLIC "-//W3C//DTD XHTML 1.0 Transitional//EN"
    "http://www.w3.org/TR/xhtml1/DTD/xhtml1-transitional.dtd">
<html xmlns="http://www.w3.org/1999/xhtml" xml:lang="en" lang="en">
 <head>
  <title>
</title>
<meta http-equiv="Content-Type" content="text/html;charset=utf-8" />
  <meta name='ocr-system' content='tesseract 3.04.00' />
  <meta name='ocr-capabilities' content='ocr_page ocr_carea ocr_par ocr_line ocrx_word'/>
</head>
<body>
  <div class='ocr_page' id='page_1' title='image "./operaomniaquaegr22orig/operaomniaquaegr22orig_0364.png"; bbox 0 0 1759 3125; ppageno 0'>
   <div class='ocr_carea' id='block_1_1' title="bbox 273 71 1137 125">
    <p class='ocr_par' dir='ltr' id='par_1_1' title="bbox 273 71 1137 125">
     <span class='ocr_line' id='line_1_1' title="bbox 273 71 1137 125; baseline -0.001 -9"><span class='ocrx_word' id='word_1_1' title='bbox 273 78 358 125; x_wconf 78' lang='lat'>352</span> <span class='ocrx_word' id='word_1_2' title='bbox 839 71 1077 115; x_wconf 72' lang='lat' dir='ltr'>Excunsus</span> <span class='ocrx_word' id='word_1_3' title='bbox 1107 73 1137 115; x_wconf 92' lang='lat'>1.</span> 
     </span>
    </p>
   </div>
   <div class='ocr_carea' id='block_1_2' title="bbox 274 185 1759 2875">
    <p class='ocr_par' dir='ltr' id='par_1_2' title="bbox 274 185 1759 2163">
     <span class='ocr_line' id='line_1_2' title="bbox 274 185 1704 246; baseline -0.003 -13"><span class='ocrx_word' id='word_1_4' title='bbox 274 187 612 233; x_wconf 80' lang='lat' dir='ltr'>dissimulatione</span> <span class='ocrx_word' id='word_1_5' title='bbox 652 185 792 227; x_wconf 89' lang='lat' dir='ltr'>alieno</span> <span class='ocrx_word' id='word_1_6' title='bbox 833 185 1164 244; x_wconf 79' lang='lat' dir='ltr'>dijudicandum.</span> <span class='ocrx_word' id='word_1_7' title='bbox 1235 186 1322 229; x_wconf 90' lang='lat' dir='ltr'>Sed</span> <span class='ocrx_word' id='word_1_8' title='bbox 1360 202 1446 228; x_wconf 91' lang='lat' dir='ltr'>non</span> <span class='ocrx_word' id='word_1_9' title='bbox 1490 198 1550 229; x_wconf 92' lang='lat' dir='ltr'>est</span> <span class='ocrx_word' id='word_1_10' title='bbox 1581 186 1704 246; x_wconf 83' lang='lat' dir='ltr'>hujus</span> 
     </span>
     <span class='ocr_line' id='line_1_3' title="bbox 274 263 1706 321; baseline -0.003 -10"><span class='ocrx_word' id='word_1_11' title='bbox 274 267 481 319; x_wconf 85' lang='lat' dir='ltr'>instituti,</span> <span class='ocrx_word' id='word_1_12' title='bbox 518 265 561 306; x_wconf 87' lang='lat' dir='ltr'>in</span> <span class='ocrx_word' id='word_1_13' title='bbox 602 263 888 321; x_wconf 79' lang='lat' dir='ltr'>ponderandis</span> <span class='ocrx_word' id='word_1_14' title='bbox 930 268 1120 304; x_wconf 75' lang='lat' dir='ltr'>veterum</span> <span class='ocrx_word' id='word_1_15' title='bbox 1159 263 1413 305; x_wconf 81' lang='lat' dir='ltr'>testimoniis</span> <span class='ocrx_word' id='word_1_16' title='bbox 1462 265 1706 307; x_wconf 84' lang='lat' dir='ltr'>immorari:</span> 
     </span>
     <span class='ocr_line' id='line_1_4' title="bbox 277 339 1710 400; baseline -0.001 -14"><span class='ocrx_word' id='word_1_17' title='bbox 277 360 447 386; x_wconf 87' lang='lat' dir='ltr'>omnem</span> <span class='ocrx_word' id='word_1_18' title='bbox 491 341 577 399; x_wconf 76' lang='lat' dir='ltr'>ejus</span> <span class='ocrx_word' id='word_1_19' title='bbox 617 340 835 381; x_wconf 87' lang='lat' dir='ltr'>doctrinae</span> <span class='ocrx_word' id='word_1_20' title='bbox 868 339 1169 380; x_wconf 78' lang='lat' dir='ltr'>existimandae</span> <span class='ocrx_word' id='word_1_21' title='bbox 1204 340 1372 396; x_wconf 86' lang='lat' dir='ltr'>copiam</span> <span class='ocrx_word' id='word_1_22' title='bbox 1405 359 1452 383; x_wconf 79' lang='lat' dir='ltr'>ex</span> <span class='ocrx_word' id='word_1_23' title='bbox 1485 342 1573 400; x_wconf 76' lang='lat' dir='ltr'>ejus</span> <span class='ocrx_word' id='word_1_24' title='bbox 1605 343 1710 384; x_wconf 90' lang='lat' dir='ltr'>scri-</span> 
     </span>
     <span class='ocr_line' id='line_1_5' title="bbox 274 416 1706 479; baseline 0 -17"><span class='ocrx_word' id='word_1_25' title='bbox 274 423 373 479; x_wconf 72' lang='lat' dir='ltr'>ptiS,</span> <span class='ocrx_word' id='word_1_26' title='bbox 404 436 490 460; x_wconf 87' lang='lat' dir='ltr'>non</span> <span class='ocrx_word' id='word_1_27' title='bbox 522 418 606 459; x_wconf 88' lang='lat' dir='ltr'>illis</span> <span class='ocrx_word' id='word_1_28' title='bbox 640 418 811 474; x_wconf 85' lang='lat' dir='ltr'>quidem</span> <span class='ocrx_word' id='word_1_29' title='bbox 833 417 979 457; x_wconf 79' lang='lat' dir='ltr'>Latine</span> <span class='ocrx_word' id='word_1_30' title='bbox 998 434 1019 457; x_wconf 73' lang='lat' dir='ltr'>a</span> <span class='ocrx_word' id='word_1_31' title='bbox 1040 416 1197 457; x_wconf 81' lang='lat' dir='ltr'>Rufino</span> <span class='ocrx_word' id='word_1_32' title='bbox 1221 419 1414 470; x_wconf 82' lang='lat' dir='ltr'>redditis,</span> <span class='ocrx_word' id='word_1_33' title='bbox 1444 422 1519 461; x_wconf 90' lang='lat' dir='ltr'>sed</span> <span class='ocrx_word' id='word_1_34' title='bbox 1543 420 1706 462; x_wconf 81' lang='lat' dir='ltr'>Graece</span> 
     </span>
     <span class='ocr_line' id='line_1_6' title="bbox 279 492 1708 551; baseline -0.001 -11"><span class='ocrx_word' id='word_1_35' title='bbox 279 497 533 540; x_wconf 78' lang='lat' dir='ltr'>exstantibus</span> <span class='ocrx_word' id='word_1_36' title='bbox 564 507 768 551; x_wconf 82' lang='lat' dir='ltr'>repetam.</span> <span class='ocrx_word' id='word_1_37' title='bbox 828 496 976 549; x_wconf 73' lang='lat' dir='ltr'>Neque</span> <span class='ocrx_word' id='word_1_38' title='bbox 1000 492 1113 533; x_wconf 87' lang='lat' dir='ltr'>idem</span> <span class='ocrx_word' id='word_1_39' title='bbox 1145 493 1298 534; x_wconf 83' lang='lat' dir='ltr'>faciam</span> <span class='ocrx_word' id='word_1_40' title='bbox 1330 495 1372 536; x_wconf 85' lang='lat' dir='ltr'>in</span> <span class='ocrx_word' id='word_1_41' title='bbox 1403 496 1479 537; x_wconf 87' lang='lat' dir='ltr'>hac</span> <span class='ocrx_word' id='word_1_42' title='bbox 1511 498 1708 539; x_wconf 81' lang='lat' dir='ltr'>crimina-</span> 
     </span>
     <span class='ocr_line' id='line_1_7' title="bbox 276 569 1708 630; baseline -0.001 -13"><span class='ocrx_word' id='word_1_43' title='bbox 276 578 395 618; x_wconf 80' lang='lat' dir='ltr'>tione</span> <span class='ocrx_word' id='word_1_44' title='bbox 427 573 695 630; x_wconf 82' lang='lat' dir='ltr'>depelleuda,</span> <span class='ocrx_word' id='word_1_45' title='bbox 728 572 845 628; x_wconf 88' lang='lat' dir='ltr'>quod</span> <span class='ocrx_word' id='word_1_46' title='bbox 877 570 919 610; x_wconf 87' lang='lat' dir='ltr'>in</span> <span class='ocrx_word' id='word_1_47' title='bbox 950 569 1043 611; x_wconf 82' lang='lat' dir='ltr'>aliis</span> <span class='ocrx_word' id='word_1_48' title='bbox 1077 570 1271 623; x_wconf 90' lang='lat' dir='ltr'>Origenis</span> <span class='ocrx_word' id='word_1_49' title='bbox 1306 573 1581 628; x_wconf 86' lang='lat' dir='ltr'>opinionibus</span> <span class='ocrx_word' id='word_1_50' title='bbox 1613 575 1708 616; x_wconf 85' lang='lat' dir='ltr'>fieri</span> 
     </span>
     <span class='ocr_line' id='line_1_8' title="bbox 278 647 1711 704; baseline -0.003 -8"><span class='ocrx_word' id='word_1_51' title='bbox 278 655 413 704; x_wconf 86' lang='lat' dir='ltr'>solet,</span> <span class='ocrx_word' id='word_1_52' title='bbox 451 663 498 693; x_wconf 86' lang='lat' dir='ltr'>ut</span> <span class='ocrx_word' id='word_1_53' title='bbox 530 666 718 691; x_wconf 84' lang='lat' dir='ltr'>errorem</span> <span class='ocrx_word' id='word_1_54' title='bbox 749 649 800 688; x_wconf 85' lang='lat' dir='ltr'>ab</span> <span class='ocrx_word' id='word_1_55' title='bbox 833 664 884 687; x_wconf 91' lang='lat' dir='ltr'>eo</span> <span class='ocrx_word' id='word_1_56' title='bbox 916 663 1002 687; x_wconf 91' lang='lat' dir='ltr'>non</span> <span class='ocrx_word' id='word_1_57' title='bbox 1036 647 1240 688; x_wconf 81' lang='lat' dir='ltr'>obstinate</span> <span class='ocrx_word' id='word_1_58' title='bbox 1273 649 1516 700; x_wconf 85' lang='lat' dir='ltr'>defensum,</span> <span class='ocrx_word' id='word_1_59' title='bbox 1559 652 1633 692; x_wconf 89' lang='lat' dir='ltr'>sed</span> <span class='ocrx_word' id='word_1_60' title='bbox 1661 663 1711 692; x_wconf 89' lang='lat' dir='ltr'>ut</span> 
     </span>
     <span class='ocr_line' id='line_1_9' title="bbox 278 725 1711 788; baseline -0.003 -16"><span class='ocrx_word' id='word_1_61' title='bbox 278 728 549 788; x_wconf 81' lang='lat' dir='ltr'>probabilem</span> <span class='ocrx_word' id='word_1_62' title='bbox 591 725 878 782; x_wconf 76' lang='lat' dir='ltr'>conjecturam</span> <span class='ocrx_word' id='word_1_63' title='bbox 922 739 968 764; x_wconf 84' lang='lat' dir='ltr'>re</span> <span class='ocrx_word' id='word_1_64' title='bbox 1015 725 1208 766; x_wconf 88' lang='lat' dir='ltr'>nondum</span> <span class='ocrx_word' id='word_1_65' title='bbox 1260 726 1398 767; x_wconf 90' lang='lat' dir='ltr'>decisa</span> <span class='ocrx_word' id='word_1_66' title='bbox 1437 728 1711 783; x_wconf 89' lang='lat' dir='ltr'>propositum</span> 
     </span>
     <span class='ocr_line' id='line_1_10' title="bbox 282 803 1712 863; baseline -0.003 -12"><span class='ocrx_word' id='word_1_67' title='bbox 282 809 435 858; x_wconf 83' lang='lat' dir='ltr'>dicam,</span> <span class='ocrx_word' id='word_1_68' title='bbox 467 806 640 863; x_wconf 84' lang='lat' dir='ltr'>ejusque</span> <span class='ocrx_word' id='word_1_69' title='bbox 673 803 892 854; x_wconf 82' lang='lat' dir='ltr'>virtutum,</span> <span class='ocrx_word' id='word_1_70' title='bbox 926 813 968 843; x_wconf 88' lang='lat' dir='ltr'>et</span> <span class='ocrx_word' id='word_1_71' title='bbox 997 818 1159 854; x_wconf 89' lang='lat' dir='ltr'>eorum,</span> <span class='ocrx_word' id='word_1_72' title='bbox 1192 819 1298 859; x_wconf 88' lang='lat' dir='ltr'>quae</span> <span class='ocrx_word' id='word_1_73' title='bbox 1328 820 1407 860; x_wconf 89' lang='lat' dir='ltr'>pro</span> <span class='ocrx_word' id='word_1_74' title='bbox 1428 805 1595 846; x_wconf 89' lang='lat' dir='ltr'>Christo</span> <span class='ocrx_word' id='word_1_75' title='bbox 1616 821 1712 862; x_wconf 85' lang='lat' dir='ltr'>pas-</span> 
     </span>
     <span class='ocr_line' id='line_1_11' title="bbox 281 879 1711 939; baseline -0.004 -10"><span class='ocrx_word' id='word_1_76' title='bbox 281 904 350 929; x_wconf 84' lang='lat' dir='ltr'>sus</span> <span class='ocrx_word' id='word_1_77' title='bbox 381 896 455 934; x_wconf 90' lang='lat' dir='ltr'>est,</span> <span class='ocrx_word' id='word_1_78' title='bbox 487 879 895 924; x_wconf 85' lang='lat' dir='ltr'>commemoratione</span> <span class='ocrx_word' id='word_1_79' title='bbox 927 880 1088 921; x_wconf 85' lang='lat' dir='ltr'>crimen</span> <span class='ocrx_word' id='word_1_80' title='bbox 1129 881 1347 936; x_wconf 84' lang='lat' dir='ltr'>deprecer.</span> <span class='ocrx_word' id='word_1_81' title='bbox 1407 882 1711 939; x_wconf 83' lang='lat' dir='ltr'>Praeterquam</span> 
     </span>
     <span class='ocr_line' id='line_1_12' title="bbox 282 957 1713 1020; baseline -0.003 -16"><span class='ocrx_word' id='word_1_82' title='bbox 282 963 400 1020; x_wconf 88' lang='lat' dir='ltr'>quod</span> <span class='ocrx_word' id='word_1_83' title='bbox 431 958 640 1018; x_wconf 80' lang='lat' dir='ltr'>ejusmodi</span> <span class='ocrx_word' id='word_1_84' title='bbox 671 958 958 999; x_wconf 83' lang='lat' dir='ltr'>exeusationes</span> <span class='ocrx_word' id='word_1_85' title='bbox 990 958 1031 998; x_wconf 89' lang='lat' dir='ltr'>in</span> <span class='ocrx_word' id='word_1_86' title='bbox 1062 958 1155 1014; x_wconf 85' lang='lat' dir='ltr'>ipso</span> <span class='ocrx_word' id='word_1_87' title='bbox 1190 957 1408 1010; x_wconf 69' lang='lat' dir='ltr'>religionis</span> <span class='ocrx_word' id='word_1_88' title='bbox 1433 959 1602 1000; x_wconf 89' lang='lat' dir='ltr'>cardine</span> <span class='ocrx_word' id='word_1_89' title='bbox 1624 975 1713 1000; x_wconf 90' lang='lat' dir='ltr'>non</span> 
     </span>
     <span class='ocr_line' id='line_1_13' title="bbox 282 1035 1706 1092; baseline -0.004 -11"><span class='ocrx_word' id='word_1_90' title='bbox 282 1041 472 1082; x_wconf 82' lang='lat' dir='ltr'>valerent</span> <span class='ocrx_word' id='word_1_91' title='bbox 518 1036 571 1078; x_wconf 81' lang='lat' dir='ltr'>ad</span> <span class='ocrx_word' id='word_1_92' title='bbox 614 1035 845 1092; x_wconf 82' lang='lat' dir='ltr'>impietatis</span> <span class='ocrx_word' id='word_1_93' title='bbox 893 1048 1037 1076; x_wconf 83' lang='lat' dir='ltr'>notam</span> <span class='ocrx_word' id='word_1_94' title='bbox 1084 1035 1441 1091; x_wconf 79' lang='lat' dir='ltr'>propulsandam3</span> <span class='ocrx_word' id='word_1_95' title='bbox 1497 1035 1606 1077; x_wconf 85' lang='lat' dir='ltr'>nihil</span> <span class='ocrx_word' id='word_1_96' title='bbox 1655 1038 1706 1077; x_wconf 85' lang='lat' dir='ltr'>ab</span> 
     </span>
     <span class='ocr_line' id='line_1_14' title="bbox 282 1112 1712 1170; baseline -0.003 -12"><span class='ocrx_word' id='word_1_97' title='bbox 282 1117 469 1170; x_wconf 85' lang='lat' dir='ltr'>Origene</span> <span class='ocrx_word' id='word_1_98' title='bbox 502 1113 797 1163; x_wconf 86' lang='lat' dir='ltr'>commissum,</span> <span class='ocrx_word' id='word_1_99' title='bbox 840 1113 957 1168; x_wconf 88' lang='lat' dir='ltr'>quod</span> <span class='ocrx_word' id='word_1_100' title='bbox 997 1124 1117 1164; x_wconf 87' lang='lat' dir='ltr'>cogat</span> <span class='ocrx_word' id='word_1_101' title='bbox 1156 1113 1209 1153; x_wconf 87' lang='lat' dir='ltr'>ad</span> <span class='ocrx_word' id='word_1_102' title='bbox 1250 1128 1316 1153; x_wconf 85' lang='lat' dir='ltr'>eas</span> <span class='ocrx_word' id='word_1_103' title='bbox 1348 1114 1588 1166; x_wconf 84' lang='lat' dir='ltr'>confugere.</span> <span class='ocrx_word' id='word_1_104' title='bbox 1647 1112 1712 1153; x_wconf 86' lang='lat' dir='ltr'>Ex</span> 
     </span>
     <span class='ocr_line' id='line_1_15' title="bbox 281 1189 1715 1249; baseline -0.004 -14"><span class='ocrx_word' id='word_1_105' title='bbox 281 1194 348 1244; x_wconf 83' lang='lat' dir='ltr'>iis,</span> <span class='ocrx_word' id='word_1_106' title='bbox 380 1208 485 1249; x_wconf 82' lang='lat' dir='ltr'>quae</span> <span class='ocrx_word' id='word_1_107' title='bbox 514 1190 598 1248; x_wconf 84' lang='lat' dir='ltr'>jam</span> <span class='ocrx_word' id='word_1_108' title='bbox 629 1191 680 1231; x_wconf 89' lang='lat' dir='ltr'>ab</span> <span class='ocrx_word' id='word_1_109' title='bbox 712 1207 764 1231; x_wconf 89' lang='lat' dir='ltr'>eo</span> <span class='ocrx_word' id='word_1_110' title='bbox 795 1189 1014 1241; x_wconf 86' lang='lat' dir='ltr'>magnifice</span> <span class='ocrx_word' id='word_1_111' title='bbox 1047 1189 1156 1231; x_wconf 87' lang='lat' dir='ltr'>dicta</span> <span class='ocrx_word' id='word_1_112' title='bbox 1189 1192 1240 1231; x_wconf 92' lang='lat' dir='ltr'>de</span> <span class='ocrx_word' id='word_1_113' title='bbox 1272 1190 1478 1231; x_wconf 85' lang='lat' dir='ltr'>incarnati</span> <span class='ocrx_word' id='word_1_114' title='bbox 1503 1189 1587 1231; x_wconf 90' lang='lat' dir='ltr'>Dei</span> <span class='ocrx_word' id='word_1_115' title='bbox 1617 1205 1715 1246; x_wconf 86' lang='lat' dir='ltr'>my·-</span> 
     </span>
     <span class='ocr_line' id='line_1_16' title="bbox 283 1267 1759 1320; baseline -0.004 -7"><span class='ocrx_word' id='word_1_116' title='bbox 283 1271 429 1320; x_wconf 84' lang='lat' dir='ltr'>sterio,</span> <span class='ocrx_word' id='word_1_117' title='bbox 462 1280 503 1310; x_wconf 90' lang='lat' dir='ltr'>et</span> <span class='ocrx_word' id='word_1_118' title='bbox 533 1267 694 1320; x_wconf 85' lang='lat' dir='ltr'>egregie</span> <span class='ocrx_word' id='word_1_119' title='bbox 728 1279 874 1308; x_wconf 89' lang='lat' dir='ltr'>contra</span> <span class='ocrx_word' id='word_1_120' title='bbox 904 1269 1114 1318; x_wconf 88' lang='lat' dir='ltr'>Judaeos,</span> <span class='ocrx_word' id='word_1_121' title='bbox 1151 1267 1358 1308; x_wconf 87' lang='lat' dir='ltr'>Ethnicos</span> <span class='ocrx_word' id='word_1_122' title='bbox 1392 1279 1435 1308; x_wconf 86' lang='lat' dir='ltr'>et</span> <span class='ocrx_word' id='word_1_123' title='bbox 1463 1267 1713 1308; x_wconf 86' lang='lat' dir='ltr'>Haereticos</span> <span class='ocrx_word' id='word_1_124' title='bbox 1751 1305 1759 1317; x_wconf 75' lang='grc'><em>,</em></span> 
     </span>
     <span class='ocr_line' id='line_1_17' title="bbox 284 1344 1715 1404; baseline -0.003 -14"><span class='ocrx_word' id='word_1_125' title='bbox 284 1349 497 1404; x_wconf 83' lang='lat' dir='ltr'>disputata</span> <span class='ocrx_word' id='word_1_126' title='bbox 526 1344 668 1394; x_wconf 88' lang='lat' dir='ltr'>retuli,</span> <span class='ocrx_word' id='word_1_127' title='bbox 697 1361 784 1385; x_wconf 90' lang='lat' dir='ltr'>non</span> <span class='ocrx_word' id='word_1_128' title='bbox 813 1346 945 1385; x_wconf 89' lang='lat' dir='ltr'>modo</span> <span class='ocrx_word' id='word_1_129' title='bbox 977 1346 1162 1401; x_wconf 87' lang='lat' dir='ltr'>scriptor</span> <span class='ocrx_word' id='word_1_130' title='bbox 1194 1344 1450 1393; x_wconf 86' lang='lat' dir='ltr'>catholicus,</span> <span class='ocrx_word' id='word_1_131' title='bbox 1481 1345 1556 1384; x_wconf 87' lang='lat' dir='ltr'>sed</span> <span class='ocrx_word' id='word_1_132' title='bbox 1590 1345 1715 1385; x_wconf 86' lang='lat' dir='ltr'>etiam</span> 
     </span>
     <span class='ocr_line' id='line_1_18' title="bbox 285 1420 1714 1475; baseline -0.003 -8"><span class='ocrx_word' id='word_1_133' title='bbox 285 1424 514 1467; x_wconf 79' lang='lat' dir='ltr'>acerrimus</span> <span class='ocrx_word' id='word_1_134' title='bbox 552 1422 657 1463; x_wconf 89' lang='lat' dir='ltr'>sacri</span> <span class='ocrx_word' id='word_1_135' title='bbox 697 1422 906 1474; x_wconf 87' lang='lat' dir='ltr'>dogmatis</span> <span class='ocrx_word' id='word_1_136' title='bbox 948 1423 1149 1463; x_wconf 87' lang='lat' dir='ltr'>defensor</span> <span class='ocrx_word' id='word_1_137' title='bbox 1185 1421 1331 1462; x_wconf 83' lang='lat' dir='ltr'>haberi</span> <span class='ocrx_word' id='word_1_138' title='bbox 1372 1422 1511 1463; x_wconf 85' lang='lat' dir='ltr'>debet.</span> <span class='ocrx_word' id='word_1_139' title='bbox 1573 1420 1714 1475; x_wconf 82' lang='lat' dir='ltr'>Quam</span> 
     </span>
     <span class='ocr_line' id='line_1_19' title="bbox 286 1499 1717 1545; baseline -0.003 0"><span class='ocrx_word' id='word_1_140' title='bbox 286 1504 494 1545; x_wconf 86' lang='lat' dir='ltr'>disertum</span> <span class='ocrx_word' id='word_1_141' title='bbox 535 1512 578 1541; x_wconf 89' lang='lat' dir='ltr'>et</span> <span class='ocrx_word' id='word_1_142' title='bbox 614 1500 912 1541; x_wconf 80' lang='lat' dir='ltr'>vehementem</span> <span class='ocrx_word' id='word_1_143' title='bbox 952 1500 1132 1541; x_wconf 90' lang='lat' dir='ltr'>vidimus</span> <span class='ocrx_word' id='word_1_144' title='bbox 1170 1500 1213 1540; x_wconf 90' lang='lat' dir='ltr'>in</span> <span class='ocrx_word' id='word_1_145' title='bbox 1254 1499 1520 1540; x_wconf 84' lang='lat' dir='ltr'>defendenda</span> <span class='ocrx_word' id='word_1_146' title='bbox 1560 1499 1717 1540; x_wconf 81' lang='lat' dir='ltr'>Christi</span> 
     </span>
     <span class='ocr_line' id='line_1_20' title="bbox 288 1575 1716 1630; baseline -0.004 -8"><span class='ocrx_word' id='word_1_147' title='bbox 288 1580 533 1630; x_wconf 88' lang='lat' dir='ltr'>divinitate,</span> <span class='ocrx_word' id='word_1_148' title='bbox 572 1589 661 1619; x_wconf 88' lang='lat' dir='ltr'>tam</span> <span class='ocrx_word' id='word_1_149' title='bbox 701 1589 943 1618; x_wconf 85' lang='lat' dir='ltr'>accuratum</span> <span class='ocrx_word' id='word_1_150' title='bbox 977 1589 1018 1618; x_wconf 90' lang='lat' dir='ltr'>et</span> <span class='ocrx_word' id='word_1_151' title='bbox 1049 1576 1296 1630; x_wconf 84' lang='lat' dir='ltr'>diligentem</span> <span class='ocrx_word' id='word_1_152' title='bbox 1327 1576 1564 1616; x_wconf 69' lang='lat' dir='ltr'>videbimus</span> <span class='ocrx_word' id='word_1_153' title='bbox 1594 1575 1639 1616; x_wconf 89' lang='lat' dir='ltr'>in</span> <span class='ocrx_word' id='word_1_154' title='bbox 1668 1592 1716 1617; x_wconf 85' lang='lat' dir='ltr'>ea</span> 
     </span>
     <span class='ocr_line' id='line_1_21' title="bbox 287 1653 1714 1715; baseline -0.005 -15"><span class='ocrx_word' id='word_1_155' title='bbox 287 1658 550 1715; x_wconf 83' lang='lat' dir='ltr'>exponenda,</span> <span class='ocrx_word' id='word_1_156' title='bbox 583 1667 636 1706; x_wconf 90' lang='lat' dir='ltr'>et,</span> <span class='ocrx_word' id='word_1_157' title='bbox 666 1667 714 1696; x_wconf 92' lang='lat' dir='ltr'>ut</span> <span class='ocrx_word' id='word_1_158' title='bbox 744 1656 827 1696; x_wconf 86' lang='lat' dir='ltr'>sert</span> <span class='ocrx_word' id='word_1_159' title='bbox 857 1655 1029 1696; x_wconf 87' lang='lat' dir='ltr'>humani</span> <span class='ocrx_word' id='word_1_160' title='bbox 1060 1654 1217 1707; x_wconf 90' lang='lat' dir='ltr'>ingenii</span> <span class='ocrx_word' id='word_1_161' title='bbox 1248 1666 1408 1710; x_wconf 88' lang='lat' dir='ltr'>captus,</span> <span class='ocrx_word' id='word_1_162' title='bbox 1440 1653 1714 1709; x_wconf 77' lang='lat' dir='ltr'>explicanda:</span> 
     </span>
     <span class='ocr_line' id='line_1_22' title="bbox 286 1731 1717 1793; baseline -0.005 -15"><span class='ocrx_word' id='word_1_163' title='bbox 286 1737 343 1778; x_wconf 77' lang='lat' dir='ltr'>id&#39;</span> <span class='ocrx_word' id='word_1_164' title='bbox 365 1736 480 1793; x_wconf 90' lang='lat' dir='ltr'>quod</span> <span class='ocrx_word' id='word_1_165' title='bbox 512 1751 561 1775; x_wconf 84' lang='lat' dir='ltr'>ex</span> <span class='ocrx_word' id='word_1_166' title='bbox 592 1732 679 1791; x_wconf 80' lang='lat' dir='ltr'>ejus</span> <span class='ocrx_word' id='word_1_167' title='bbox 711 1733 762 1773; x_wconf 89' lang='lat' dir='ltr'>de</span> <span class='ocrx_word' id='word_1_168' title='bbox 793 1732 897 1773; x_wconf 86' lang='lat' dir='ltr'>Filii</span> <span class='ocrx_word' id='word_1_169' title='bbox 927 1731 1197 1782; x_wconf 84' lang='lat' dir='ltr'>aeternitate,</span> <span class='ocrx_word' id='word_1_170' title='bbox 1228 1731 1481 1788; x_wconf 83' lang='lat' dir='ltr'>aequalitate</span> <span class='ocrx_word' id='word_1_171' title='bbox 1513 1747 1609 1771; x_wconf 90' lang='lat' dir='ltr'>cum</span> <span class='ocrx_word' id='word_1_172' title='bbox 1636 1731 1717 1772; x_wconf 87' lang='lat' dir='ltr'>Pa-</span> 
     </span>
     <span class='ocr_line' id='line_1_23' title="bbox 286 1808 1720 1865; baseline -0.004 -10"><span class='ocrx_word' id='word_1_173' title='bbox 286 1826 367 1865; x_wconf 84' lang='lat' dir='ltr'>tre,</span> <span class='ocrx_word' id='word_1_174' title='bbox 397 1825 440 1854; x_wconf 90' lang='lat' dir='ltr'>et</span> <span class='ocrx_word' id='word_1_175' title='bbox 469 1810 900 1854; x_wconf 80' lang='lat' dir='ltr'>consubstantialitate</span> <span class='ocrx_word' id='word_1_176' title='bbox 939 1809 1194 1851; x_wconf 85' lang='lat' dir='ltr'>testimoniis</span> <span class='ocrx_word' id='word_1_177' title='bbox 1234 1808 1411 1865; x_wconf 87' lang='lat' dir='ltr'>patebit.</span> <span class='ocrx_word' id='word_1_178' title='bbox 1479 1808 1601 1863; x_wconf 84' lang='lat' dir='ltr'>Quae</span> <span class='ocrx_word' id='word_1_179' title='bbox 1638 1810 1720 1849; x_wconf 88' lang='lat' dir='ltr'>ob-</span> 
     </span>
     <span class='ocr_line' id='line_1_24' title="bbox 288 1874 1717 1949; baseline -0.003 -18"><span class='ocrx_word' id='word_1_180' title='bbox 288 1890 505 1949; x_wconf 78' lang='lat' dir='ltr'>jiciuntur,</span> <span class='ocrx_word' id='word_1_181' title='bbox 535 1900 607 1929; x_wconf 89' lang='lat' dir='ltr'>aut</span> <span class='ocrx_word' id='word_1_182' title='bbox 636 1874 734 1929; x_wconf 78' lang='lat' dir='ltr'>ficta</span> <span class='ocrx_word' id='word_1_183' title='bbox 764 1899 862 1929; x_wconf 89' lang='lat' dir='ltr'>sunt</span> <span class='ocrx_word' id='word_1_184' title='bbox 893 1900 934 1929; x_wconf 90' lang='lat' dir='ltr'>et</span> <span class='ocrx_word' id='word_1_185' title='bbox 964 1890 1015 1928; x_wconf 82' lang='lat' dir='ltr'>ab</span> <span class='ocrx_word' id='word_1_186' title='bbox 1047 1904 1099 1928; x_wconf 89' lang='lat' dir='ltr'>eo</span> <span class='ocrx_word' id='word_1_187' title='bbox 1132 1886 1280 1937; x_wconf 85' lang='lat' dir='ltr'>aliena,</span> <span class='ocrx_word' id='word_1_188' title='bbox 1313 1899 1384 1928; x_wconf 90' lang='lat' dir='ltr'>aut</span> <span class='ocrx_word' id='word_1_189' title='bbox 1409 1886 1564 1942; x_wconf 80' lang='lat' dir='ltr'>partim</span> <span class='ocrx_word' id='word_1_190' title='bbox 1594 1901 1717 1942; x_wconf 88' lang='lat' dir='ltr'>prae-</span> 
     </span>
     <span class='ocr_line' id='line_1_25' title="bbox 291 1964 1717 2020; baseline -0.004 -12"><span class='ocrx_word' id='word_1_191' title='bbox 291 1966 566 2008; x_wconf 88' lang='lat' dir='ltr'>clarissimam</span> <span class='ocrx_word' id='word_1_192' title='bbox 594 1966 751 2007; x_wconf 86' lang='lat' dir='ltr'>habent</span> <span class='ocrx_word' id='word_1_193' title='bbox 778 1965 1043 2016; x_wconf 87' lang='lat' dir='ltr'>sententiam,</span> <span class='ocrx_word' id='word_1_194' title='bbox 1073 1966 1107 2006; x_wconf 87' lang='lat' dir='ltr'>si</span> <span class='ocrx_word' id='word_1_195' title='bbox 1138 1975 1251 2005; x_wconf 90' lang='lat' dir='ltr'>recte</span> <span class='ocrx_word' id='word_1_196' title='bbox 1277 1964 1590 2020; x_wconf 79' lang='lat' dir='ltr'>interpreteris3</span> <span class='ocrx_word' id='word_1_197' title='bbox 1619 1980 1717 2019; x_wconf 87' lang='lat' dir='ltr'>par-</span> 
     </span>
     <span class='ocr_line' id='line_1_26' title="bbox 287 2040 1716 2099; baseline -0.002 -14"><span class='ocrx_word' id='word_1_198' title='bbox 287 2044 368 2086; x_wconf 87' lang='lat' dir='ltr'>tim</span> <span class='ocrx_word' id='word_1_199' title='bbox 397 2059 483 2084; x_wconf 92' lang='lat' dir='ltr'>non</span> <span class='ocrx_word' id='word_1_200' title='bbox 514 2043 854 2095; x_wconf 85' lang='lat' dir='ltr'>incommodam,</span> <span class='ocrx_word' id='word_1_201' title='bbox 899 2043 934 2085; x_wconf 87' lang='lat' dir='ltr'>si</span> <span class='ocrx_word' id='word_1_202' title='bbox 976 2059 1072 2084; x_wconf 89' lang='lat' dir='ltr'>cum</span> <span class='ocrx_word' id='word_1_203' title='bbox 1111 2042 1205 2083; x_wconf 91' lang='lat' dir='ltr'>aliis</span> <span class='ocrx_word' id='word_1_204' title='bbox 1243 2041 1330 2099; x_wconf 85' lang='lat' dir='ltr'>ejus</span> <span class='ocrx_word' id='word_1_205' title='bbox 1366 2040 1588 2097; x_wconf 86' lang='lat' dir='ltr'>principiis</span> <span class='ocrx_word' id='word_1_206' title='bbox 1617 2053 1716 2098; x_wconf 84' lang='lat' dir='ltr'>apte</span> 
     </span>
     <span class='ocr_line' id='line_1_27' title="bbox 290 2121 511 2163; baseline -0.005 -1"><span class='ocrx_word' id='word_1_207' title='bbox 290 2121 511 2163; x_wconf 86' lang='lat' dir='ltr'>concilies.</span> 
     </span>
    </p>

    <p class='ocr_par' dir='ltr' id='par_1_3' title="bbox 288 2196 1759 2875">
     <span class='ocr_line' id='line_1_28' title="bbox 401 2196 1716 2257; baseline -0.002 -17"><span class='ocrx_word' id='word_1_208' title='bbox 401 2198 597 2240; x_wconf 85' lang='lat' dir='ltr'>Haeresis</span> <span class='ocrx_word' id='word_1_209' title='bbox 627 2199 819 2252; x_wconf 84' lang='lat' dir='ltr'>Arianae,</span> <span class='ocrx_word' id='word_1_210' title='bbox 854 2198 970 2257; x_wconf 89' lang='lat' dir='ltr'>cujus</span> <span class='ocrx_word' id='word_1_211' title='bbox 1000 2197 1174 2238; x_wconf 88' lang='lat' dir='ltr'>nomine</span> <span class='ocrx_word' id='word_1_212' title='bbox 1204 2208 1291 2237; x_wconf 86' lang='lat' dir='ltr'>tam</span> <span class='ocrx_word' id='word_1_213' title='bbox 1322 2196 1594 2237; x_wconf 69' lang='lat' dir='ltr'>veliementer</span> <span class='ocrx_word' id='word_1_214' title='bbox 1617 2196 1716 2240; x_wconf 85' lang='lat' dir='ltr'>Ori-</span> 
     </span>
     <span class='ocr_line' id='line_1_29' title="bbox 289 2274 1759 2331; baseline -0.002 -13"><span class='ocrx_word' id='word_1_215' title='bbox 289 2293 414 2330; x_wconf 88' lang='lat' dir='ltr'>genes</span> <span class='ocrx_word' id='word_1_216' title='bbox 445 2288 685 2325; x_wconf 86' lang='lat' dir='ltr'>accusatur,</span> <span class='ocrx_word' id='word_1_217' title='bbox 726 2276 807 2316; x_wconf 88' lang='lat' dir='ltr'>hoc</span> <span class='ocrx_word' id='word_1_218' title='bbox 845 2275 1032 2331; x_wconf 87' lang='lat' dir='ltr'>primum</span> <span class='ocrx_word' id='word_1_219' title='bbox 1076 2287 1117 2315; x_wconf 88' lang='lat' dir='ltr'>et</span> <span class='ocrx_word' id='word_1_220' title='bbox 1146 2274 1424 2329; x_wconf 88' lang='lat' dir='ltr'>praecipuum</span> <span class='ocrx_word' id='word_1_221' title='bbox 1455 2291 1607 2315; x_wconf 87' lang='lat' dir='ltr'>munus</span> <span class='ocrx_word' id='word_1_222' title='bbox 1639 2287 1714 2326; x_wconf 88' lang='lat' dir='ltr'>est,</span> <span class='ocrx_word' id='word_1_223' title='bbox 1757 2287 1759 2325; x_wconf 66' lang='lat' dir='ltr'>j</span> 
     </span>
     <span class='ocr_line' id='line_1_30' title="bbox 288 2352 1759 2411; baseline -0.003 -15"><span class='ocrx_word' id='word_1_224' title='bbox 288 2354 394 2396; x_wconf 85' lang='lat' dir='ltr'>Filii</span> <span class='ocrx_word' id='word_1_225' title='bbox 438 2366 480 2396; x_wconf 88' lang='lat' dir='ltr'>et</span> <span class='ocrx_word' id='word_1_226' title='bbox 520 2353 607 2395; x_wconf 92' lang='lat' dir='ltr'>Dei</span> <span class='ocrx_word' id='word_1_227' title='bbox 650 2353 797 2394; x_wconf 88' lang='lat' dir='ltr'>titulos</span> <span class='ocrx_word' id='word_1_228' title='bbox 835 2354 888 2393; x_wconf 82' lang='lat' dir='ltr'>ad</span> <span class='ocrx_word' id='word_1_229' title='bbox 928 2353 1195 2408; x_wconf 83' lang='lat' dir='ltr'>metaphoras</span> <span class='ocrx_word' id='word_1_230' title='bbox 1236 2352 1506 2408; x_wconf 87' lang='lat' dir='ltr'>detorquere.</span> <span class='ocrx_word' id='word_1_231' title='bbox 1571 2355 1711 2394; x_wconf 84' lang='lat' dir='ltr'>Nemo</span> <span class='ocrx_word' id='word_1_232' title='bbox 1758 2407 1759 2411; x_wconf 13' lang='grc' dir='ltr'><strong>Ἰ</strong></span> 
     </span>
     <span class='ocr_line' id='line_1_31' title="bbox 288 2429 1711 2486; baseline -0.001 -14"><span class='ocrx_word' id='word_1_233' title='bbox 288 2432 422 2485; x_wconf 88' lang='lat' dir='ltr'>magis</span> <span class='ocrx_word' id='word_1_234' title='bbox 463 2443 576 2472; x_wconf 81' lang='lat' dir='ltr'>extra</span> <span class='ocrx_word' id='word_1_235' title='bbox 615 2432 723 2471; x_wconf 86' lang='lat' dir='ltr'>hanc</span> <span class='ocrx_word' id='word_1_236' title='bbox 766 2446 944 2482; x_wconf 79' lang='lat' dir='ltr'>noxam,</span> <span class='ocrx_word' id='word_1_237' title='bbox 990 2446 1115 2486; x_wconf 90' lang='lat' dir='ltr'>quam</span> <span class='ocrx_word' id='word_1_238' title='bbox 1157 2429 1374 2482; x_wconf 88' lang='lat' dir='ltr'>Origenes.</span> <span class='ocrx_word' id='word_1_239' title='bbox 1441 2433 1541 2472; x_wconf 83' lang='lat' dir='ltr'>Non</span> <span class='ocrx_word' id='word_1_240' title='bbox 1578 2431 1711 2471; x_wconf 76' lang='lat' dir='ltr'>modo</span> 
     </span>
     <span class='ocr_line' id='line_1_32' title="bbox 289 2507 1714 2564; baseline -0.001 -14"><span class='ocrx_word' id='word_1_241' title='bbox 289 2509 607 2564; x_wconf 88' lang='lat' dir='ltr'>Scripturarum</span> <span class='ocrx_word' id='word_1_242' title='bbox 638 2508 880 2549; x_wconf 88' lang='lat' dir='ltr'>testimonia</span> <span class='ocrx_word' id='word_1_243' title='bbox 910 2507 1170 2563; x_wconf 84' lang='lat' dir='ltr'>metaphoris</span> <span class='ocrx_word' id='word_1_244' title='bbox 1199 2524 1288 2548; x_wconf 87' lang='lat' dir='ltr'>non</span> <span class='ocrx_word' id='word_1_245' title='bbox 1327 2509 1482 2559; x_wconf 88' lang='lat' dir='ltr'>eludit,</span> <span class='ocrx_word' id='word_1_246' title='bbox 1526 2509 1600 2549; x_wconf 82' lang='lat' dir='ltr'>sed</span> <span class='ocrx_word' id='word_1_247' title='bbox 1641 2524 1714 2549; x_wconf 90' lang='lat' dir='ltr'>eo-</span> 
     </span>
     <span class='ocr_line' id='line_1_33' title="bbox 288 2585 1714 2642; baseline -0.001 -14"><span class='ocrx_word' id='word_1_248' title='bbox 288 2604 384 2628; x_wconf 85' lang='lat' dir='ltr'>rum</span> <span class='ocrx_word' id='word_1_249' title='bbox 416 2587 540 2627; x_wconf 88' lang='lat' dir='ltr'>etiam</span> <span class='ocrx_word' id='word_1_250' title='bbox 573 2589 659 2627; x_wconf 87' lang='lat' dir='ltr'>vim</span> <span class='ocrx_word' id='word_1_251' title='bbox 691 2586 913 2639; x_wconf 85' lang='lat' dir='ltr'>diligenter</span> <span class='ocrx_word' id='word_1_252' title='bbox 957 2586 1170 2642; x_wconf 76' lang='lat' dir='ltr'>expendit.</span> <span class='ocrx_word' id='word_1_253' title='bbox 1240 2585 1453 2627; x_wconf 88' lang='lat' dir='ltr'>Christum</span> <span class='ocrx_word' id='word_1_254' title='bbox 1483 2602 1608 2642; x_wconf 89' lang='lat' dir='ltr'>saepe</span> <span class='ocrx_word' id='word_1_255' title='bbox 1638 2602 1714 2627; x_wconf 82' lang='lat' dir='ltr'>vo-</span> 
     </span>
     <span class='ocr_line' id='line_1_34' title="bbox 290 2663 1754 2721; baseline 0 -15"><span class='ocrx_word' id='word_1_256' title='bbox 290 2676 356 2706; x_wconf 89' lang='lat' dir='ltr'>cat</span> <span class='ocrx_word' id='word_1_257' title='bbox 380 2666 569 2721; x_wconf 71' lang='lat' dir='ltr'>proprie</span> <span class='ocrx_word' id='word_1_258' title='bbox 595 2663 767 2707; x_wconf 71' lang='lat' dir='ltr'>Filiam</span> <span class='ocrx_word' id='word_1_259' title='bbox 797 2664 904 2717; x_wconf 67' lang='lat' dir='ltr'>Dei,</span> <span class='ocrx_word' id='word_1_260' title='bbox 933 2665 1049 2704; x_wconf 87' lang='lat' dir='ltr'>velut</span> <span class='ocrx_word' id='word_1_261' title='bbox 1079 2664 1204 2706; x_wconf 90' lang='lat' dir='ltr'>Tom.</span> <span class='ocrx_word' id='word_1_262' title='bbox 1236 2665 1308 2706; x_wconf 83' lang='lat' dir='ltr'>VI.</span> <span class='ocrx_word' id='word_1_263' title='bbox 1341 2664 1383 2704; x_wconf 91' lang='lat' dir='ltr'>in</span> <span class='ocrx_word' id='word_1_264' title='bbox 1414 2666 1577 2707; x_wconf 50' lang='lat' dir='ltr'>Joann(</span> <span class='ocrx_word' id='word_1_265' title='bbox 1596 2680 1712 2706; x_wconf 89' lang='lat' dir='ltr'>num.</span> <span class='ocrx_word' id='word_1_266' title='bbox 1746 2666 1754 2698; x_wconf 53' lang='grc' dir='ltr'>ἴ</span> 
     </span>
     <span class='ocr_line' id='line_1_35' title="bbox 289 2741 1714 2793; baseline -0.004 -7"><span class='ocrx_word' id='word_1_267' title='bbox 289 2742 370 2793; x_wconf 81' lang='grc' dir='ltr'><strong>1Ο.,</strong></span> <span class='ocrx_word' id='word_1_268' title='bbox 402 2753 443 2783; x_wconf 91' lang='lat' dir='ltr'>et</span> <span class='ocrx_word' id='word_1_269' title='bbox 473 2742 600 2783; x_wconf 80' lang='lat' dir='ltr'>Tom.</span> <span class='ocrx_word' id='word_1_270' title='bbox 630 2742 752 2793; x_wconf 89' lang='lat' dir='ltr'>XII.,</span> <span class='ocrx_word' id='word_1_271' title='bbox 782 2742 826 2783; x_wconf 87' lang='lat' dir='ltr'>in</span> <span class='ocrx_word' id='word_1_272' title='bbox 855 2743 1006 2783; x_wconf 74' lang='lat' dir='ltr'>Matth.</span> <span class='ocrx_word' id='word_1_273' title='bbox 1039 2758 1153 2783; x_wconf 90' lang='lat' dir='ltr'>num.</span> <span class='ocrx_word' id='word_1_274' title='bbox 1185 2742 1256 2785; x_wconf 83' lang='grc'>42.</span> <span class='ocrx_word' id='word_1_275' title='bbox 1317 2742 1638 2784; x_wconf 80' lang='lat' dir='ltr'>Observandum</span> <span class='ocrx_word' id='word_1_276' title='bbox 1668 2741 1714 2781; x_wconf 88' lang='lat' dir='ltr'>in</span> 
     </span>
     <span class='ocr_line' id='line_1_36' title="bbox 288 2818 1745 2875; baseline -0.001 -15"><span class='ocrx_word' id='word_1_277' title='bbox 288 2818 529 2875; x_wconf 75' lang='lat' dir='ltr'>Evangeliis</span> <span class='ocrx_word' id='word_1_278' title='bbox 561 2831 707 2862; x_wconf 88' lang='lat' dir='ltr'>monet</span> <span class='ocrx_word' id='word_1_279' title='bbox 736 2820 860 2863; x_wconf 88' lang='lat' dir='ltr'>Tom.</span> <span class='ocrx_word' id='word_1_280' title='bbox 886 2821 959 2864; x_wconf 86' lang='lat' dir='ltr'>XI.</span> <span class='ocrx_word' id='word_1_281' title='bbox 993 2819 1035 2862; x_wconf 88' lang='lat' dir='ltr'>in</span> <span class='ocrx_word' id='word_1_282' title='bbox 1063 2820 1214 2866; x_wconf 82' lang='lat' dir='ltr'>Matth.</span> <span class='ocrx_word' id='word_1_283' title='bbox 1245 2836 1360 2865; x_wconf 89' lang='lat' dir='ltr'>num.</span> <span class='ocrx_word' id='word_1_284' title='bbox 1385 2821 1451 2865; x_wconf 80' lang='grc'>17.</span> <span class='ocrx_word' id='word_1_285' title='bbox 1511 2820 1712 2873; x_wconf 69' lang='lat' dir='ltr'>Quinam</span> <span class='ocrx_word' id='word_1_286' title='bbox 1744 2851 1745 2858; x_wconf 68' lang='grc'>,</span> 
     </span>
    </p>
   </div>
   <div class='ocr_carea' id='block_1_3' title="bbox 1741 2416 1759 3125">
    <p class='ocr_par' dir='ltr' id='par_1_4' title="bbox 1741 2416 1759 3125">
     <span class='ocr_line' id='line_1_37' title="bbox 1741 2416 1759 3125; baseline 0 0"><span class='ocrx_word' id='word_1_287' title='bbox 1741 2416 1759 3125; x_wconf 95' lang='lat' dir='ltr'> </span> 
     </span>
    </p>
   </div>
  </div>
 </body>
</html>
