1759 3125
645 110 881 152 Excunsus
912 111 985 151 lV.
1443 111 1526 156 389

103 223 237 264 Filius
277 223 448 279 quidem
489 233 529 262 et
572 223 758 278 Spiritus
807 234 974 263 sanctus
1024 222 1400 263 consubstantiales
1438 223 1519 263 sint

100 301 238 351 Patri,
258 335 259 338 ,
278 300 321 340 id
363 298 443 339 sibi
487 298 678 340 homines
710 298 860 340 nefarii
890 299 1160 355 impudenter
1189 309 1398 350 arrogent.
1459 299 1518 338 At

99 378 223 430 longe
255 376 376 417 aliter
406 392 448 416 se
480 376 586 428 gerit
618 376 836 429 Origenes.
907 375 1082 428 Colligit
1121 375 1290 416 usitatas
1317 376 1367 415 de
1399 374 1515 415 Filio

98 455 138 495 in
170 453 398 508 Scripturis
430 470 568 504 voces,
599 469 751 509 nempe
782 453 1020 506 imaginem,
1051 454 1337 507 splendorem,
1368 467 1518 506 specu—

97 533 182 571 lum
214 531 302 572 sine
335 531 518 580 macula,
560 547 607 570 ex
648 531 800 586 quibus
841 548 936 572 eum
967 529 1084 571 Patri
1117 528 1516 570 consubstantialem

95 624 182 649 esse
213 607 444 649 necessaria
472 607 689 648 conclusio
722 620 805 658 est,
839 620 879 649 et
910 610 961 648 ab
991 607 1084 662 ipso
1118 605 1301 658 Origene
1334 621 1421 644 non
1453 620 1517 645 se-

94 687 181 726 mel
212 685 303 726 aliis
334 685 378 725 in
409 684 512 724 locis
544 685 801 739 praedicata.
871 687 919 726 ln
950 684 1032 725 hoc
1067 700 1166 736 ergo
1198 683 1433 723 haereticos
1462 682 1515 722 ad

94 780 306 803 summurn
336 761 564 817 impietatis
600 761 759 802 venisse
791 763 1072 812 demonstrat,
1113 760 1229 817 quod
1259 775 1346 799 non
1376 758 1516 799 solum

93 839 137 880 id
167 840 248 881 sibi
278 850 493 892 arrogent,
536 840 650 895 quod
689 839 793 880 Filii
834 853 875 881 et
905 839 1092 896 Spiritus
1134 837 1265 879 sancti
1291 835 1515 892 proprium

94 929 168 966 est,
199 918 275 957 sed
306 917 432 957 etiam
465 933 587 971 supra
619 915 782 957 Filium
815 929 855 957 et
876 918 1083 974 Spiritum
1110 928 1300 957 sanctum
1327 914 1514 969 quodam

93 995 224 1034 modo
265 1004 487 1046 assurgant.
557 995 664 1033 Nam
703 993 900 1035 divinitas
945 994 1100 1035 Christi
1140 994 1195 1033 ita
1235 1002 1512 1046 attemperate

91 1087 259 1126 semper
288 1083 328 1111 et
358 1086 380 1110 a
410 1070 640 1125 Scriptura,
673 1081 714 1110 et
743 1071 794 1110 ab
826 1071 919 1126 ipso
953 1071 1121 1113 Christo
1154 1069 1436 1125 praedicatur,
1467 1079 1515 1108 ut

91 1148 231 1189 onmia
262 1148 313 1188 ad
346 1148 514 1188 Patrem
545 1148 792 1188 referantur.
854 1147 986 1201 Quod
1025 1147 1137 1188 enim
1177 1145 1331 1186 dicitur
1361 1144 1514 1195 imago,

89 1226 314 1281 splendor,
348 1242 502 1281 vapor,
532 1225 776 1280 speculum,
807 1225 909 1266 haec
942 1224 1083 1265 omnia
1114 1223 1324 1273 indicant,
1364 1239 1461 1263 eum
1493 1238 1515 1262 a

90 1305 213 1344 Patre
255 1303 396 1343 omnia
434 1301 666 1356 accepisse,
717 1318 793 1341 nec
836 1317 857 1341 a
898 1301 1032 1342 Patris
1071 1299 1301 1341 substantia
1330 1298 1514 1354 separari

91 1397 226 1437 posse.
287 1380 410 1421 Unde
444 1379 649 1431 Origenes
689 1377 831 1419 Tomo
874 1379 1026 1419 eodem
1067 1394 1182 1418 num.
1215 1376 1284 1420 34.
1329 1377 1381 1417 ad
1411 1377 1512 1416 haec

93 1458 250 1499 Clu-isti
282 1459 430 1498 verba:
462 1456 580 1509 „Ego
602 1457 640 1509 ¹)
674 1455 815 1496 cibum
846 1456 981 1496 habeo
1012 1456 1328 1496 manducare:“
1359 1454 1417 1494 sic
1450 1454 1512 1493 lo-

93 1536 257 1591 quitur:
289 1538 380 1577 Καὶ
398 1535 439 1590 ²)
471 1534 551 1577 οὐκ
585 1528 758 1576 ἄτοπόν
788 1551 839 1590 γε
871 1538 1032 1590 λέγειν,
1061 1532 1124 1588 μὴ
1155 1529 1302 1586 μόνον
1324 1528 1511 1588 ἀνθρώ-

90 1629 204 1661 πους
234 1615 307 1655 καὶ
348 1611 570 1668 ἀγγέλους
607 1611 772 1660 ἐνδεεῖς
813 1607 926 1655 εἶναι
964 1614 1051 1654 τῶν
1094 1612 1267 1664 νοητῶν
1309 1612 1508 1666 τροφῶν,

92 1690 205 1733 ἀλλὰ
238 1693 313 1732 καὶ
345 1687 423 1732 τὸν
457 1687 657 1746 Χριστὸν
692 1691 767 1731 ιοῦ
794 1690 926 1732 ι’)ἐυῦ·
961 1691 1036 1730 καὶ
1056 1686 1190 1736 αὐτὸς
1211 1685 1314 1745 γὰρ,
1346 1686 1399 1729 ἵν’
1426 1683 1508 1730 οὔ-

92 1785 174 1816 τως
204 1771 332 1820 εἴπω,
367 1764 697 1815 ἐπισκευάζεται
740 1766 812 1810 citi
854 1764 944 1810 ἀπὸ
984 1769 1063 1810 τοῦ
1105 1764 1271 1820 πατρὸς
1310 1768 1386 1808 ’τοῦ
1417 1761 1510 1820 μό-

93 1863 173 1888 νου
207 1844 450 1892 ἀνενδεοῦς
480 1845 555 1884 καὶ
602 1841 853 1897 αὐτάρκους
893 1842 1030 1898 αὐτῷ.
1096 1841 1343 1897 Λαμβάνει
1374 1842 1423 1884 δὲ
1456 1840 1508 1884 τὰ

89 1922 305 1979 βρώματα
352 1919 373 1964 ὁ
418 1921 505 1977 μὲν
545 1919 686 1967 nolus·
731 1922 818 1962 ἰιῦν
856 1925 1247 1977 ιιιαέ)ητεευομεὲνων
1286 1919 1377 1962 ἀπὸ
1417 1921 1510 1961 τῶν

90 2002 312 2058 μαθητῶν
339 1998 505 2052 Ἰησοῦ,
539 2001 850 2053 κελευομένων
881 2002 1182 2054 παρατιθέναι
1214 2002 1306 2045 τοῖς
1337 1992 1507 2053 ὅχλοις”

94 2081 136 2121 οἱ
167 2078 216 2120 δὲ
248 2079 324 2120 τοῦ
355 2075 499 2130 Ἰησοῦ
537 2078 742 2130 μαθηταὶ
784 2074 858 2117 ἀπ’
903 2074 1040 2118 αὐτοῦ
1068 2075 1229 2128 Ἰησοῦ,
1263 2072 1382 2129 πλὴν
1410 2073 1503 2117 ἔσθ’

93 2154 163 2200 ὅτε
195 2157 270 2197 καὶ
303 2152 394 2196 ἀπὸ
425 2151 571 2209 ἁγίων
602 2151 833 2209 ἀγγέλων·
876 2151 898 2196 ὁ
944 2153 993 2195 δὲ
1034 2151 1125 2200 υἱὸς
1164 2155 1242 2195 τοῦ
1272 2155 1383 2196 θεοῦ
1417 2150 1507 2193 ἀπὸ

90 2236 170 2277 τοῦ
195 2230 363 2290 πατρὸς
392 2228 539 2286 μόνου
578 2227 800 2285 λαμβάνει
831 2228 883 2271 τὰ
914 2227 1154 2289 βρώματα,
1189 2229 1240 2272 οὐ
1271 2227 1347 2272 διά
1371 2244 1504 2276 τινος.

95 2310 190 2355 Οὐκ
221 2305 395 2352 ἄτοπον
426 2309 475 2351 δὲ
506 2311 580 2350 καὶ
613 2306 660 2351 ιό
693 2305 829 2363 ἅγιον
859 2311 1040 2364 πνεῦμα
1061 2311 1309 2365 τρέφεσθαι
1341 2309 1505 2361 λέγειν.

92 2388 278 2443 Quinam
310 2396 450 2426 autem
479 2385 562 2426 sint
592 2385 675 2426 cibi
704 2384 794 2434 illi,
831 2400 938 2440 quos
968 2383 1103 2425 Filius
1134 2399 1156 2423 a
1186 2383 1310 2423 Patre
1339 2382 1507 2438 accipit,

92 2465 307 2523 praeclare
340 2461 511 2518 exponit
540 2463 668 2518 paulo
693 2461 801 2502 infra
831 2478 945 2503 num.
963 2461 1030 2504 36.
1086 2459 1257 2518 ,,Ἐμὸν
1272 2460 1314 2516 ³)
1343 2451 1505 2517 βρῶμά

94 2543 216 2587 ἔστιν
253 2545 328 2585 ἵνα
367 2538 543 2593 ποιήσω
581 2538 632 2584 τὸ
668 2543 846 2596 θέλημα
882 2541 961 2582 τοῦ
1001 2536 1272 2594 πέμψαντός
1305 2554 1388 2594 με,
1430 2539 1508 2582 καὶ

216 2705 256 2758 ¹)
289 2705 364 2744 Ev.
396 2704 548 2743 Joann.
586 2702 654 2750 lV,
685 2700 751 2744 32.

212 2776 255 2830 ²)
289 2774 374 2815 Cfr.
408 2774 472 2813 ed.
503 2782 633 2812 nostr.
665 2770 789 2811 Tom.
827 2771 874 2811 ll.
908 2786 1002 2826 pag.
1032 2769 1097 2811 64.

214 2845 255 2899 3)
288 2844 364 2885 Ev.
394 2844 545 2884 Joann.
580 2841 650 2890 lV,
681 2839 746 2885 34.
