1759 3125
478 82 867 123 ORIGENJANORUM
906 82 1046 122 Lmen
1081 82 1132 123 ἰΙ.
1423 80 1501 126 151

91 192 182 235 nia:
212 192 436 249 praecipue
466 208 566 232 vero
607 209 654 233 ex
685 193 801 234 libris
831 195 933 250 περὶ
965 192 1139 247 ἀρχῶν,
1178 192 1220 232 in
1260 191 1411 247 quibus
1442 208 1504 232 er-

92 287 208 311 rores
249 269 355 310 circa
399 269 649 310 Trinitatem
696 269 897 310 admissos
944 271 1167 310 emendare
1218 281 1391 309 conatus
1430 281 1502 311 est.

94 347 382 400 Quamobrem
412 347 592 386 ficulnea
632 363 802 402 quoque
844 358 905 387 est
944 347 1028 387 loci
1059 347 1174 387 illius
1203 345 1357 395 tutela,
1401 360 1422 385 e
1456 344 1506 384 li-

92 425 169 464 bro
200 424 233 464 I.
264 423 386 480 hujus
418 423 591 478 Operis,
633 440 720 479 cap.
754 424 792 467 3.
822 440 937 465 num.
968 424 1008 466 7.
1070 424 1216 465 Porro
1248 429 1406 464 {tutem
1435 423 1502 462 Ἠί-

92 499 159 542 lzz‘l
184 502 232 541 in
268 499 499 542 Trim'tate
529 503 679 558 majus
715 503 916 542 minusve
955 498 1194 542 dicendum
1226 507 1315 540 est:
1357 510 1398 539 et
1427 498 1502 538 hu-

89 577 165 635 jus,
197 594 218 617 e
250 578 341 618 libr.
376 578 428 619 ll.
461 595 546 634 cap*
580 578 618 621 2.
649 596 760 619 num.
795 578 832 622 1.
895 577 1037 634 Origo
1068 585 1112 620 et
1131 578 1250 632 fons
1276 576 1403 632 Filii,
1433 575 1507 618 vel

86 654 286 711 Spiritus
312 657 478 704 sancti,
510 654 658 696 Pater
686 663 767 707 est,
798 663 843 697 et
873 656 992 697 m'lzc'l
1017 657 1064 696 in
1095 658 1150 697 iis
1173 656 1396 704 meterius,
1421 666 1501 708 po-

85 735 305 774 ster-iusve
333 733 536 789 z‘ntellt'gz'
557 739 719 788 potest.
778 734 867 774 Nec
888 732 1089 785 gravioris
1118 733 1274 773 isthaec
1303 748 1382 787 pro
1404 729 1502 772 Ori-

86 825 189 862 gene
226 812 429 850 momenti
473 827 493 850 e
533 811 627 850 libr.
657 811 752 851 Vll.
790 810 831 850 in
874 810 993 865 epist.
1033 812 1083 850 ad
1122 811 1247 851 Rom.
1285 826 1400 850 num.
1434 807 1500 850 13.

84 886 170 929 Est
199 899 312 943 ergo
345 885 552 929 Christus
581 887 709 929 Dens
747 900 885 943 snper
923 890 1088 929 omm'a.
1150 888 1278 940 Quae
1309 885 1502 927 omma?

86 964 175 1006 Illa
203 967 300 1006 sine
330 962 479 1015 dubio,
511 977 625 1020 quae
657 972 702 1006 et
728 965 868 1020 paulo
900 972 1012 1006 ante
1033 963 1253 1007 diximus:
1283 980 1438 1018 „super
1459 963 1498 1018 ¹)

86 1042 366 1097 principatus,
410 1053 450 1082 et
489 1053 737 1097 potestates,
784 1053 824 1083 et
865 1043 1061 1092 virtutes,
1109 1053 1150 1082 et
1181 1058 1305 1082 omne
1340 1057 1497 1082 nomen

89 1120 203 1174 quod
231 1119 473 1159 nominatur
499 1136 586 1159 non
616 1120 756 1160 solum
786 1119 828 1159 in
859 1119 940 1160 hoc
971 1120 1164 1170 saeculo,
1193 1120 1267 1160 sed
1301 1118 1426 1158 etiam
1455 1116 1498 1157 in

87 1197 273 1236 sutur0.“
336 1197 428 1248 Qui
454 1203 609 1238 autem
638 1209 774 1252 snper
805 1198 1017 1253 onmz’a2)
1050 1204 1142 1249 est,
1179 1207 1317 1253 snper
1347 1208 1393 1237 se
1422 1207 1500 1235 ne-

87 1276 255 1315 miuem
277 1273 429 1316 habet.
477 1279 579 1316 Non
611 1276 732 1315 enim
756 1282 863 1331 post·
880 1276 1073 1318 Patrem
1103 1282 1171 1318 est
1198 1276 1304 1330 ime,
1335 1270 1417 1314 sed
1444 1269 1500 1313 de

86 1354 250 1400 Patre,
310 1351 462 1406 Hoc³)
504 1358 662 1393 antem
698 1350 818 1393 idem
857 1353 1099 1410 Sapientia
1136 1353 1234 1395 Dei
1267 1353 1408 1393 etiam
1445 1346 1502 1389 de

88 1431 265 1487 Spiritu
302 1435 465 1472 sancto
504 1429 712 1484 intellegi
745 1427 900 1481 debet,
945 1428 1028 1472 ubi
1053 1428 1189 1472 dicct:
1230 1426 1500 1484 ‚,Spiritus⁴)

85 1507 265 1550 Domini
294 1505 476 1562 replevit
507 1507 653 1546 orbem
683 1518 909 1557 terrarum,
951 1519 993 1548 et
1024 1508 1096 1563 qui
1129 1505 1316 1547 continet
1348 1504 1502 1553 omnia,

86 1563 299 1627 scientiam
330 1584 456 1624 habet
484 1583 643 1624 vocis.“

198 1664 254 1704 X.
312 1661 610 1702 Favorabilior
649 1663 728 1703 crit
757 1679 836 1717 pro
872 1661 1134 1714 origenianis
1163 1661 1353 1716 partibus
1382 1676 1503 1715 prae-

87 1740 287 1795 scriptio,
325 1755 430 1794 quae
472 1755 520 1778 ex
561 1739 732 1793 paribus
769 1739 813 1779 in
853 1741 1005 1780 eodem
1045 1750 1290 1791 argumento
1329 1739 1501 1778 Pan-um

88 1818 268 1859 aliorum
298 1815 586 1857 locutionibus
615 1816 703 1870 peti
723 1828 875 1871 potest.
925 1817 1035 1856 lnter
1057 1815 1314 1857 Christianos
1345 1814 1505 1870 quippe

92 1898 313 1944 doctores,
355 1894 425 1949 qui
456 1905 550 1934 ante
580 1893 806 1935 Nicaenam
838 1894 1072 1933 ssoruerunt
1114 1894 1344 1950 synodum,
1377 1891 1502 1932 multi

92 1973 144 2013 de
173 1970 390 2012 Trinitatis
419 1969 618 2027 mysterio
649 1986 798 2025 parum
832 1983 952 2010 caute
982 1970 1115 2010 locuti
1142 1981 1248 2010 sunt.
1295 1969 1504 2009 Insincera

94 2060 205 2091 certe
235 2047 317 2088 fuit
346 2045 537 2096 Tamiani,
578 2058 619 2087 et
649 2045 827 2087 Tatiano
867 2046 1108 2088 vetustioris
1138 2046 1294 2088 Justini
1326 2047 1377 2087 de
1408 2046 1484 2088 Tri

91 2126 221 2168 nitate
252 2124 458 2168 doctrina.
517 2125 565 2165 In
597 2124 772 2164 eandem
803 2124 917 2164 venit
948 2124 1284 2165 criminationem
1314 2124 1506 2165 Pseudo-

95 2205 303 2253 Clemens,
333 2201 447 2242 venit
477 2213 518 2242 et
544 2201 808 2257 Theophilus
827 2203 1128 2243 Antiochenus.
1188 2201 1360 2253 Indigna
1389 2217 1506 2252 vero,

97 2293 138 2323 et
178 2279 443 2322 intoleranda
485 2279 771 2334 profuderunt
821 2279 1108 2320 Tertullianus
1132 2266 1194 2320 ret
1244 2277 1506 2329 Lactantius3

98 2360 290 2401 Clemens
321 2371 503 2413 quoque,
532 2355 786 2414 Dionysius,
817 2368 858 2398 et
886 2356 1063 2409 Pierius,
1097 2356 1387 2408 Alexandrini3
1416 2355 1507 2396 alii-

223 2553 262 2607 ¹)
296 2552 381 2593 Cfr.
413 2551 565 2607 Ephes.
597 2553 631 2600 Ι,
661 2552 728 2596 21.

210 2621 252 2675 ²)
283 2621 391 2662 Edd.
423 2621 589 2662 Huetii:
621 2635 784 2663 onmes.

216 2690 258 2745 3)
290 2690 399 2731 Edd.
430 2691 595 2732 Raetii:
637 2693 732 2733 Hoc
773 2705 912 2733 autem
953 2693 1017 2746 (id
1061 2704 1119 2732 cst
1158 2692 1372 2748 Sapientia
1403 2689 1507 2745 Dei)

105 2745 229 2786 ctiam
260 2746 311 2785 ‹le
341 2758 482 2786 sancto
514 2748 676 2802 Spiritu
708 2749 887 2803 intelligi
920 2751 1060 2800 debet,
1090 2750 1165 2790 ubi
1195 2761 1273 2791 ete.

222 2813 265 2869 ⁴²)
298 2814 384 2855 Csr.
409 2816 517 2870 Sap..
538 2817 696 2859 Salon».
729 2818 758 2867 l,
788 2819 827 2861 7.
