1759 3125
463 108 853 148 ORIGENJANORUM
886 106 1025 144 LIBER
1058 104 1087 143 Ι.
1433 100 1486 144 53

63 221 215 262 liorem
244 229 430 259 mentem
467 228 834 265 converterentur,
877 215 1038 255 discere
1069 213 1169 253 licet
1201 230 1247 252 ex
1280 229 1345 268 ep.
1378 212 1485 252 Dio-

62 297 226 355 nysii')
256 294 529 335 Alexandrini
560 295 612 334 ad
652 292 834 334 Fabium
874 291 1124 347 episcopum
1157 289 1483 335 Antiochenum,

64 385 209 414 contra
238 374 464 414 Novatum.
519 371 648 424 Quod
666 371 706 425 ²)
738 369 769 409 si
801 368 985 424 suscepti
1014 379 1176 408 tantum
1209 364 1481 422 abepiscopo

60 466 143 490 non
175 465 250 490 suo
283 447 535 506 presbyterii
566 446 711 487 fuisset
741 463 849 495 reus,
883 463 977 485 eum
1009 462 1093 485 non
1125 456 1208 484 tam
1240 458 1382 484 severe
1400 453 1482 482 tra-

60 538 267 567 ctaturum
300 526 425 566 fuisse
457 523 725 565 Demetrium
758 521 960 562 credibile
993 533 1075 569 est,
1107 538 1202 560 cum
1234 517 1480 574 praesertim

58 602 185 658 ipsius
217 602 586 643 commendatione
619 602 750 641 fretus
779 601 827 640 ad
861 616 955 639 eum
993 615 1034 639 se
1066 596 1313 654 promoveri
1346 594 1479 647 digni-

57 679 150 720 tatis
180 680 354 732 gradum
384 695 526 735 passus
558 677 716 718 suisset.
765 676 944 717 Minime
972 693 1069 716 vero
1104 675 1201 716 sacti
1234 672 1355 730 hujus
1385 688 1477 711 nar-

58 757 262 797 rationem
303 759 354 796 ab
399 755 584 796 Eusebio
628 754 822 794 consulto
864 753 1199 810 praetermissam
1230 761 1402 806 putem,
1430 758 1478 786 ut

55 834 324 876 idololatriae
357 833 528 874 crimine
560 833 758 872 liberaret
789 832 1039 884 Origenem‚
1081 831 1147 870 vel
1178 829 1293 885 quod
1327 824 1474 882 poeni-

56 913 184 951 tentia
229 912 390 952 elutum
432 910 663 966 postmodo
713 909 916 961 flagitium
967 907 1174 949 oblivioni
1222 903 1473 947 tradendum

56 999 245 1044 putaret3
288 989 421 1042 sed3)
466 987 582 1042 quod
620 1002 685 1026 res
726 986 919 1038 Origenis
956 985 1134 1042 proprio
1174 997 1214 1026 et
1254 982 1474 1023 luculento

57 1064 291 1120 Apologiae
325 1081 454 1121 opere
487 1063 568 1120 jam
601 1075 719 1103 antea
751 1063 896 1104 fuisset
927 1063 1183 1120 complexus,
1214 1061 1255 1101 in
1287 1056 1474 1101 Historia

52 1152 191 1181 autem
239 1142 411 1182 duceret
452 1157 538 1181 esse
571 1140 710 1180 obiter
739 1140 1009 1192 attingendus.
1081 1141 1184 1181 Inde
1223 1137 1355 1179 tacuit
1388 1135 1473 1176 exi-

54 1217 184 1258 mium
215 1218 336 1268 illud,
367 1235 412 1258 ac
446 1217 561 1258 omni
592 1218 715 1258 laude
757 1218 929 1271 dignum
973 1218 1168 1271 Origenis
1208 1215 1385 1262 facinus,
1419 1238 1469 1244 —-

54 1296 170 1350 quod
200 1295 243 1335 in
275 1296 387 1336 idem
419 1296 613 1336 incidisse
643 1307 809 1350 tempus
848 1296 1077 1336 memoriae
1108 1293 1321 1335 mandavit
1350 1290 1473 1332 Nice-

51 1382 111 1412 tas
142 1371 184 1412 in
223 1373 346 1414 Thes.
391 1374 557 1414 orthod.
597 1373 670 1413 fid.
710 1373 782 1413 lib.
817 1374 888 1413 IV.
931 1375 1041 1414 haer.
1081 1371 1147 1415 31.
1187 1398 1262 1421 —-,
1301 1369 1468 1426 quando

1 1449 7 1456 ’
53 1447 163 1505 juxta
193 1450 498 1507 Aegyptiorum
530 1450 799 1489 sacerdotum
838 1466 1000 1490 morem
1033 1467 1054 1490 a
1085 1448 1325 1491 Gentilibus
1355 1447 1473 1486 adra·

53 1542 130 1576 sus,
162 1527 214 1566 ad
244 1528 385 1567 sanum
418 1525 631 1582 Serapidis
664 1525 918 1567 Christianos
951 1543 1096 1567 omnes
1127 1527 1176 1566 ad
1205 1538 1472 1580 propugnan-

54 1603 154 1643 dum
186 1603 341 1644 Christi
372 1620 527 1643 nomen
560 1603 669 1643 clara
700 1619 804 1643 voce
844 1604 1081 1645 concitavit.
1141 1603 1306 1643 Falsam
1337 1617 1468 1656 porro

54 1691 94 1718 et
125 1681 344 1720 confictam
388 1696 474 1720 esse
516 1680 793 1732 origenianae
834 1680 1103 1721 idololatriae
1142 1679 1381 1727 historiam,
1421 1694 1468 1717 ac

51 1755 291 1811 Epiphanio
324 1758 375 1797 ab
406 1757 540 1798 aliena
570 1774 694 1798 manu
724 1756 920 1798 insertam
948 1758 1162 1814 pertendit
1180 1756 1385 1798 Barouius
1416 1757 1466 1796 ad

55 1848 148 1873 ann.
183 1832 280 1876 253.
313 1850 425 1874 num.
460 1835 570 1885 120„
600 1834 866 1891 plurimaque
899 1835 1088 1888 congerit
1117 1836 1157 1876 in
1191 1852 1282 1875 eam
1303 1846 1466 1893 senten-

55 2009 105 2049 de
138 2008 333 2061 Origene,
365 2027 488 2065 quem
519 2010 647 2065 paulo
680 2022 773 2050 ante
807 2010 953 2060 citavi3
993 2022 1033 2050 et
1072 2013 1178 2052 alter
1216 2011 1257 2052 in
1291 2011 1363 2051 lib.
1399 2013 1465 2051 lV.

56 2082 144 2120 cap.
178 2067 256 2114 14„
284 2066 384 2106 item
416 2068 534 2107 locus
567 2067 753 2124 ejusdem
785 2067 957 2107 Eusebii
988 2067 1030 2107 in
1063 2067 1134 2109 lib.
1165 2070 1234 2109 Vl.
1280 2085 1367 2123 cap.
1399 2069 1466 2111 43.

53 2138 100 2161 ex
131 2139 195 2177 ep.
229 2123 418 2163 Cornelii
447 2124 599 2178 Papae,
629 2124 702 2164 ubi
733 2125 785 2164 de
817 2125 938 2164 Mose
967 2127 1239 2184 presbytero,
1279 2125 1351 2181 qui
1380 2128 1469 2167 No-

53 2177 260 2218 vatianum
301 2196 322 2219 a
364 2181 664 2220 communione
704 2197 775 2220 sua
806 2180 974 2237 repulit.
1036 2182 1141 2223 Item
1174 2183 1291 2223 locus
1323 2183 1466 2238 Sulpi-

55 2234 106 2274 cii
136 2235 284 2276 Severi
316 2236 355 2275 in
390 2236 462 2276 lib.
497 2238 571 2276 ΗῙ.
605 2238 657 2276 de
687 2237 769 2277 vita
801 2241 842 2278 S.
876 2237 1063 2278 Martini.
1122 2239 1231 2280 Vide
1260 2240 1332 2280 Fr.
1363 2241 1467 2281 Flo-

55 2302 213 2331 rentem
244 2293 295 2331 ad
326 2292 497 2333 titulum
529 2293 566 2336 7.
601 2294 651 2333 de
684 2294 955 2335 translatione
987 2295 1220 2352 episcopi.“
1251 2298 1301 2338 R.

170 2363 210 2416 ¹)
245 2362 329 2403 Cfr.
361 2363 512 2404 Euseb.
544 2363 652 2404 Hist.
686 2365 832 2404 eccles.
866 2363 937 2405 lib.
969 2367 1039 2406 Vl.
1073 2382 1161 2421 cap.
1191 2366 1256 2408 42.

169 2431 211 2485 ²)
243 2432 365 2472 Esto:
398 2435 471 2473 sed
505 2434 604 2473 fidei
635 2451 805 2489 quoque
844 2435 1122 2487 integritatem
1155 2438 1193 2477 in
1228 2437 1342 2479 libris
1375 2440 1465 2493 ple-

55 2487 208 2542 risque,
238 2504 286 2528 ae
318 2505 367 2529 eo
399 2492 669 2544 praesertim,
710 2491 781 2546 qui
824 2504 885 2532 est
916 2494 966 2532 de
998 2493 1245 2549 Principiis,
1287 2497 1338 2535 ab
1371 2497 1468 2538 Ori-

57 2559 158 2595 gene
189 2544 388 2585 violatam
420 2546 462 2586 id
495 2547 697 2602 temporis
729 2560 1004 2603 conquestum
1043 2551 1169 2592 fuisse
1201 2552 1464 2592 Demetrium

59 2611 381 2641 consentaneum
413 2615 488 2652 est,
518 2616 564 2643 ut
594 2605 683 2659 ipse
713 2607 841 2659 paulo
874 2616 969 2660 post
1000 2605 1056 2646 ait
1087 2608 1276 2648 Huetius.
1335 2609 1464 2663 Quod

60 2670 154 2695 sane
193 2656 412 2699 Demetrio
453 2660 548 2700 satis
596 2672 704 2709 erat,
749 2672 795 2701 ut
832 2678 877 2701 ex
919 2661 1066 2714 insigni
1104 2664 1294 2716 Origenis
1333 2667 1465 2718 gloria

62 2710 144 2766 iam
177 2711 249 2751 diu
279 2713 321 2753 in
351 2715 442 2755 sinu
474 2717 703 2757 collectum
747 2716 928 2758 invidiae
967 2718 1078 2761 virus
1122 2733 1257 2761 totum
1299 2739 1467 2761 ovome-

62 2778 138 2816 ret,
170 2784 347 2823 eumque
377 2782 461 2811 tam
491 2789 632 2814 severe
662 2774 864 2815 tractandi
885 2792 1024 2816 ansam
1051 2777 1145 2817 inde
1171 2778 1385 2832 arriperet.
1420 2779 1465 2817 R.

177 2839 220 2891 ³)
254 2837 299 2878 Si
331 2841 554 2896 praecipue
586 2845 641 2883 ob
672 2843 940 2885 idololatriae
971 2846 1153 2896 crimen,
1184 2858 1229 2886 ut
1258 2846 1470 2901 pertendit
