1759 3125
502 120 890 162 ORIGENIANORUM
920 119 1060 160 Lmen
1089 120 1120 159 I.
1460 120 1512 163 17

95 233 278 285 telliget,
327 231 399 288 qui
438 233 565 272 verba
595 230 681 289 ejus
713 231 978 272 contenderit
1011 248 1104 272 cum
1135 230 1406 281 Eusebianis,
1447 232 1512 272 vel

93 310 237 352 Rufini
266 308 662 364 interpretationem
694 325 788 349 cum
819 320 1002 364 utroque
1034 307 1274 352 contulerit.

206 388 281 428 IX.
352 388 587 441 Acceptum
610 386 648 442 ¹)
705 385 1028 426 incommodum
1083 384 1299 437 diligentia
1359 383 1512 426 sarcire

95 463 267 520 cupiens
301 463 516 516 Origenes,
548 475 589 504 et
619 465 831 504 fortunam
862 462 1065 503 industria
1105 463 1347 512 sublevare,
1385 462 1513 503 tradi-

92 552 176 581 tam
216 539 295 581 sibi
333 557 356 580 a
394 552 512 595 patre
554 541 849 581 humaniorum
900 539 1187 580 doctrinarum
1229 539 1512 591 cognitionem

93 616 303 658 acerrimis
335 617 481 657 studiis
515 618 720 666 excoluit,
760 629 982 672 tantosque
1014 616 1111 657 fecit
1144 615 1187 656 in
1219 615 1512 656 Grammaticis

91 694 324 750 disciplinis
354 711 618 749 progressus,
648 706 696 734 ut
727 711 792 735 eas
824 694 995 750 publice
1027 694 1236 734 docendas
1267 693 1511 748 susciperet.

92 770 202 810 Hinc
234 770 367 822 largus
398 770 462 812 illi
495 773 547 811 ad
576 789 673 811 usus
705 771 815 812 vitae
844 770 1098 811 necessarios
1121 781 1364 825 proventus.
1410 769 1513 810 Eth-

89 845 207 887 nicos
224 847 264 902 ²)
297 858 435 887 autem
467 849 571 888 adeo
604 848 794 888 illexerat
824 847 977 889 Christi
1008 847 1180 899 religio,
1219 858 1265 887 ut
1304 857 1418 886 metu
1449 847 1514 886 fu-

91 923 193 975 gatis
225 924 423 964 ecclesiae
456 925 718 975 doctoribus,
753 926 1013 965 confluerent
1044 925 1094 965 ad
1117 924 1346 976 Origenem
1377 924 1513 964 adhuc

91 1001 418 1051 adolescentem,
448 1004 523 1043 sed
555 1002 747 1043 doctrina
778 1003 820 1042 in
842 1002 1126 1042 adolescentia
1154 1013 1195 1041 et
1226 1001 1380 1042 virtute
1414 1018 1514 1041 con-

89 1078 305 1133 spicuum,
351 1080 401 1118 ab
448 1096 583 1134 eoque
623 1079 734 1119 sacra
775 1079 854 1119 sibi
905 1080 1099 1131 dogmata
1148 1078 1301 1134 exponi
1341 1078 1512 1120 vellent.

94 1155 222 1211 Cujus
253 1157 517 1196 sermonibus
557 1156 701 1196 affecti
731 1156 949 1212 plerique,
991 1155 1146 1197 Christi
1184 1168 1374 1211 suscepta
1415 1157 1513 1206 fide,

93 1231 136 1272 in
166 1232 355 1272 intimam
388 1232 474 1290 ejus
515 1233 843 1274 familiaritatem
885 1249 974 1273 sese
1016 1232 1303 1290 adjunxerunt.
1369 1232 1513 1289 Itaque

91 1309 398 1351 Alexandrinae
432 1310 630 1351 ecclesiae
672 1311 896 1366 episcopus
930 1310 1196 1359 Demetrius,
1227 1326 1314 1350 non
1346 1310 1513 1351 felicius

94 1385 426 1427 Christianorum
457 1403 523 1428 res
563 1387 603 1427 in
636 1389 829 1446 Aegypto
862 1404 1056 1443 reparare
1089 1404 1131 1427 se
1163 1404 1288 1443 posse
1321 1387 1513 1437 credidit,

94 1465 274 1519 quam3)
315 1464 348 1504 si
391 1464 801 1506 Catechumenorum
843 1482 983 1505 curam
1024 1465 1098 1504 uni
1131 1463 1304 1515 Origeni
1336 1465 1514 1504 octode-

92 1540 174 1580 cim
205 1557 332 1581 annos
362 1553 461 1582 nato
494 1543 776 1583 demandaret.
846 1541 1054 1596 Uti-asque
1088 1540 1155 1579 hic
1186 1539 1312 1592 igitur
1340 1540 1514 1581 sustine-

93 1617 163 1656 bat
193 1629 346 1672 partes,
378 1617 636 1667 Literatoris,
668 1629 709 1657 et
740 1617 1014 1659 Catechistae.

213 1758 251 1812 ¹)
288 1757 373 1797 Cfr.
405 1758 556 1799 Euseb.
588 1758 695 1799 Hist.
730 1759 876 1800 eccles.
909 1758 982 1800 lib.
1005 1759 1077 1799 VI.
1112 1774 1199 1813 cap.
1222 1758 1262 1801 2.

211 1827 253 1881 ²)
286 1827 371 1868 Cf1.
404 1827 559 1867 Euseb.
592 1828 700 1869 Hist.
733 1829 879 1869 eccles.
914 1828 985 1870 lib.
1012 1829 1082 1870 Vl.
1117 1844 1205 1883 cap
1230 1828 1269 1871 3.

209 1897 252 1946 3)
285 1896 464 1936 Huetius
488 1897 678 1952 sequitur
696 1898 939 1945 Eusebium,
973 1914 1043 1951 qul
1062 1896 1168 1937 H1st
1193 1898 1342 1938 eccles.
1374 1897 1450 1940 lib.
1473 1897 1511 1942 6.

95 1969 184 2008 cap.
216 1951 254 1995 3.
297 1951 374 1992 ait:
407 1949 536 1999 ’Έτος
576 1954 740 2009 0'272212
772 1954 1180 2002 ὁκτωκαιώἐκατον,
1223 1954 1323 1995 xsc‘st
1372 1950 1395 1997 ὃ
1435 1959 1513 1997 τοῦ

96 2013 173 2062 Ίῆς
203 2008 485 2063 κατηχήσεως
516 2026 710 2064 ποοεστη
744 2012 1076 2053 διὸασκαλειοι.
1139 2011 1224 2051 Sed
1242 2010 1509 2075 Hierony.m

98 2065 285 2117 Catalog.
318 2065 526 2120 Scriptor.
559 2067 704 2108 eccles.
740 2084 827 2122 cap.
861 2067 926 2108 54.
960 2078 1102 2121 aperte
1134 2066 1285 2115 innuit,
1320 2070 1515 2108 omnibus

96 2123 151 2162 ob
182 2121 485 2177 pciseeutionis
516 2134 677 2163 metum
707 2124 838 2178 pulsis
870 2140 916 2163 ac
953 2124 1124 2174 sugatis,
1165 2140 1259 2164 cum
1290 2140 1416 2163 nemo
1449 2141 1515 2164 su-

94 2189 281 2233 peresset
310 2178 608 2228 Alexandriae,
648 2181 719 2234 qui
758 2180 971 2220 tradendis
1002 2179 1101 2219 hdei
1135 2179 1367 2220 catholicae
1400 2180 1515 2220 rudi-

96 2234 246 2274 mentis
279 2250 450 2300 operam
484 2236 612 2284 daret,
646 2237 874 2288 O1igenem
910 2236 1078 2292 quidem
1113 2237 1351 2276 octodecim
1385 2253 1514 2277 annos

95 2303 238 2331 natum
270 2291 559 2344 κατηχήσεων
591 2308 696 2348 opus
728 2310 775 2344 ag
778 2309 961 2344 gressum
993 2293 1141 2341 fuisse,
1187 2294 1259 2333 sed
1291 2306 1442 2348 sponte
1475 2305 1516 2333 et

96 2348 277 2387 necdum
309 2364 329 2387 a
360 2348 582 2388 Demenio
615 2327 891 2403 praefectum,
925 2349 1083 2405 quippe
1114 2366 1239 2404 quem
1270 2350 1515 2389 Demetrius

96 2403 260 2443 nonnisi
293 2415 440 2457 postea
478 2404 521 2443 in
564 2421 614 2444 eo
657 2422 828 2445 muneie
868 2405 1144 2447 confirmavit.
1216 2406 1319 2456 Hec,
1365 2405 1514 2461 inquit,

96 2459 417 2502 Aleaeamlrsae
448 2458 654 2515 dispersa
684 2462 895 2511 ecclecznja
937 2460 1106 2502 decano
1148 2470 1304 2503 octavo
1345 2465 1516 2502 aetatis

97 2528 206 2555 seme
236 2528 382 2569 amm,
415 2516 695 2572 κατηχήσεως
726 2532 832 2573 opus
864 2531 1136 2573 aggressus,
1167 2526 1329 2574 postea
1363 2532 1391 2558 a
1423 2519 1515 2559 De-

98 2574 260 2612 metuo
291 2574 386 2626 ejas
418 2575 544 2614 ²17·th
573 2577 775 2630 episcopo
806 2589 853 2615 τη
887 2552 1030 2615 locum
1067 2574 1309 2615 Clementaes
1351 2574 1515 2626 confir-

99 2634 264 2676 matus,
289 2641 375 2683 per
405 2629 570 2670 multos
603 2644 747 2671 annos
776 2632 908 2677 flora
917 2639 946 2672 t.
1018 2630 1138 2684 Quae
1180 2631 1364 2671 narratio
1408 2630 1516 2670 veri-

100 2682 279 2723 similior
309 2685 488 2733 videtur,
518 2687 730 2742 magisque
762 2687 973 2727 Eusebii'
963 2689 1093 2741 ipsius
1127 2688 1265 2727 oidini
1297 2698 1515 2726 consenti-

101 2754 190 2777 nea.
249 2740 337 2779 Nec
376 2741 486 2780 enim
530 2743 755 2784 verisimile
797 2755 877 2791 (st,
922 2744 1191 2783 Demetrium
1228 2744 1301 2783 uni
1342 2741 1515 2793 Origent

109 2805 195 2889 Eam
233 2811 388 2890 pgucos
426 2813 555 2839 annos
596 2811 694 2839 nato
736 2776 1145 2842 Catecliumenorum
1196 2816 1338 2840 curam
1376 2797 1516 2838 statim

141 2866 258 2890 eman
293 2866 391 2896 asse,
422 2853 471 2893 R.

112 2926 332 2967 Onici-:ms
359 2926 532 2968 OPERA.
564 2929 685 2970 Toxvt.
703 2931 844 2971 XXII.
1202 2930 1229 2971 2
