1759 3125
273 112 325 154 52
691 111 828 152 Pssrm
870 111 1083 152 DANIEIJS
1115 111 1275 152 Ilussru

277 225 574 266 adhiberentur
605 224 707 263 olim
742 222 988 273 Christiani,
1027 224 1097 278 qui
1137 235 1234 279 post
1275 221 1481 279 ejuratum
1522 222 1698 262 infirmi·

278 315 362 344 tate
393 302 520 343 animi
551 318 597 342 ac
628 301 810 341 mollitie
845 300 1056 342 Christum
1089 300 1348 356 poenitentia
1382 299 1497 340 ducti
1526 299 1578 339 ad
1610 314 1697 339 me·

280 471 462 513 ventes,
502 476 600 503 cum
633 461 922 519 judicassent
967 473 1068 501 eam
1105 460 1291 516 placere
1324 475 1454 516 posse
1494 462 1584 513 illl,
1626 462 1704 516 qul

274 536 533 592 peccatoris
573 535 908 590 poenitentiam
958 530 1133 572 mavult
1182 544 1316 586 quam
1363 539 1579 581 mortem,
1629 544 1701 572 eos

280 603 565 647 admiserunt
598 611 643 644 et
673 602 982 656 collegerunt,
1015 608 1150 656 atque
1180 603 1227 642 in
1261 608 1436 643 coetum
1464 614 1595 643 suum
1627 613 1699 641 re-

282 683 528 731 ceperum,-
558 680 602 714 et
634 676 679 714 in
714 672 1000 713 orationibus
1038 684 1095 711 ac
1137 669 1232 713 cibo
1263 684 1365 712 cum
1395 670 1552 713 iisdem
1585 683 1702 713 com-

279 748 594 788 municarunt.
666 743 934 798 Quamquam
977 758 1058 782 vox
1103 746 1382 796 συνέστησαν
1423 741 1544 782 aliter
1576 741 1701 781 etiam

281 815 481 872 explicari
529 826 684 870 potest,
729 814 892 869 passive
931 812 1093 853 scilicet
1135 829 1238 869 pro:
1284 813 1408 853 simul
1461 811 1701 852 consistere.

281 887 352 929 Sic
383 885 612 942 Dionysius
643 886 756 941 apud
786 883 1017 925 Eusebium
1060 883 1103 923 in
1142 884 1213 926 lib.
1246 885 1341 925 Vll.
1384 899 1471 938 cap.
1502 882 1541 925 9.
1572 880 1702 938 μόλις

280 953 713 1013 παρακαλούμενος,
747 953 1014 997 συνεστάναι
1048 959 1143 1003 ταῖς
1173 958 1446 1010 προσευχαῖς
1478 952 1700 1009 ἀνέχεται.

280 1028 336 1070 Et
365 1025 572 1067 Eusebius
604 1025 645 1065 in
678 1024 750 1066 lib.
770 1025 839 1064 Vl.
873 1040 962 1079 cap.
993 1024 1034 1067 2.
1068 1025 1119 1064 de
1143 1023 1347 1076 Origene:
1381 1023 1487 1068 οὐδὲ
1517 1021 1704 1067 πώποτε

283 1095 566 1157 προῦτράπη,
610 1093 721 1138 κατὰ
777 1093 857 1148 τὴν
908 1094 1044 1151 εὐχὴν
1083 1094 1203 1151 αὐτῷ
1245 1096 1506 1149 συστῆναι.“
1574 1093 1707 1134 Addit

282 1181 430 1227 postea
476 1166 691 1207 Valesius:
743 1166 941 1221 „Duplex
989 1177 1076 1206 erat
1123 1165 1367 1205 communio
1415 1165 1457 1205 in
1505 1163 1702 1204 ecclesia:

283 1240 363 1280 alia
395 1237 610 1287 orationis,
642 1235 722 1276 alia
753 1249 1123 1277 sacramentorum.
1173 1236 1228 1277 Et
1261 1237 1501 1277 orationum
1533 1235 1704 1291 quidem

284 1308 529 1350 communio
571 1308 888 1363 poenitentibus
937 1319 1034 1363 post
1076 1319 1234 1348 certum
1273 1305 1480 1362 temporis
1522 1305 1702 1361 spatium

284 1380 595 1431 indulgebatur.
665 1377 924 1417 Communio
965 1394 1066 1419 vero
1110 1377 1300 1433 corporis
1344 1376 1497 1418 Christi
1538 1375 1705 1416 nonnisi

282 1447 567 1490 reconciliatis
604 1459 703 1502 post
743 1447 886 1499 longas
922 1448 1211 1503 poenitentiae
1249 1463 1388 1488 moras
1425 1447 1597 1487 tandem
1627 1445 1707 1486 im-

282 1518 554 1576 pertiebatur.
616 1517 724 1559 Vide
767 1519 958 1560 Canones
999 1519 1063 1561 11.
1106 1518 1169 1561 1¹2.
1204 1529 1244 1558 et
1290 1517 1356 1561 13.
1418 1515 1603 1558 Concilii
1632 1514 1707 1556 Ni-

284 1589 414 1634 caeni.
474 1589 536 1629 Ex
569 1589 718 1644 quibus
749 1601 947 1645 apparet,
990 1588 1338 1629 communionem
1370 1587 1571 1629 orationis
1601 1602 1707 1642 poe-

282 1659 513 1702 nitentibus
551 1659 678 1700 fuisse
717 1660 920 1700 ultimum
951 1672 993 1700 et
1023 1659 1266 1715 proximum
1297 1658 1471 1710 gradum
1508 1658 1558 1697 ad
1592 1673 1709 1697 com-

282 1731 528 1772 munionem
567 1746 782 1770 sacrorum
821 1731 1133 1788 mysteriorum.
1206 1730 1262 1770 Et
1301 1730 1402 1769 haec
1442 1727 1615 1783 quidem
1656 1727 1707 1767 de

285 1800 586 1842 communione
624 1801 795 1856 publica
832 1801 1105 1853 intelligenda
1136 1812 1254 1850 sunt,
1286 1816 1365 1855 qua
1398 1798 1709 1839 concedebatur

284 1871 622 1929 poenitentibus,
666 1883 714 1912 ut
760 1871 901 1926 palam
942 1888 1037 1911 cum
1079 1870 1196 1910 omni
1234 1870 1399 1925 populo
1447 1869 1488 1909 in
1530 1866 1706 1908 ecclesia
1751 1864 1759 1877 ⁸

286 1953 465 1984 orarent.
527 1942 611 1982 Sed
651 1941 692 1980 in
733 1942 814 1982 hoc
853 1941 1051 1999 Dionysii
1095 1941 1193 1980 loco
1241 1941 1292 1979 de
1322 1938 1484 1993 privata
1516 1954 1707 1978 commu-

284 2013 411 2055 nione
442 2027 581 2052 sermo
615 2022 694 2060 cst,
734 2028 859 2066 quam
899 2011 1023 2051 video
1064 2027 1085 2051 a
1122 2009 1339 2050 nonnullis
1373 2009 1576 2048 confundi
1608 2025 1706 2048 cum

284 2082 469 2140 publica.
526 2080 737 2121 Privatam
777 2092 916 2122 autem
959 2080 1302 2120 communionem
1353 2096 1484 2129 voco,
1532 2095 1636 2134 quae
1683 2095 1706 2119 a

283 2151 470 2209 privatis,
499 2166 585 2191 non
616 2163 753 2192 autem
785 2153 836 2192 ab
869 2151 1086 2207 episcopo,
1120 2149 1235 2207 cujus
1266 2151 1310 2190 id
1336 2149 1399 2206 jus
1416 2148 1704 2204 pontificium·

286 2239 366 2280 que
399 2233 498 2272 erat,
529 2233 664 2262 certae
695 2238 900 2277 personae
941 2222 1264 2262 concedebatur.
1323 2219 1521 2275 Exempli
1563 2219 1705 2272 gratia,

285 2293 453 2350 quando
488 2292 748 2333 confessores
782 2304 823 2333 et
852 2304 1054 2350 martyres
1086 2291 1249 2347 lapsos,
1280 2290 1627 2331 intercessionem
1657 2307 1705 2331 ac

282 2362 615 2405 misericordiam
647 2362 836 2418 ipsorum
874 2362 1171 2417 implorantes,
1208 2361 1387 2414 benigne
1430 2360 1705 2415 excipiebant,

285 2447 327 2477 et
357 2447 403 2475 ut
431 2449 514 2474 una
543 2449 686 2473 secum
710 2433 851 2473 Deum
885 2445 1064 2484 orarent,
1095 2432 1408 2488 permittebant.
1451 2431 1566 2470 Haec
1590 2447 1707 2470 com-

283 2504 430 2546 munio
462 2502 563 2543 licet
593 2519 615 2543 a
644 2503 895 2561 martyribus
917 2516 957 2545 et
982 2502 1248 2561 presbyteris,
1283 2526 1329 2533 -—
1365 2500 1558 2557 plerique
1590 2501 1703 2542 enim

281 2587 511 2632 martyrum
551 2584 668 2614 erant
710 2590 756 2614 ex
795 2574 908 2614 clero
941 2603 1016 2623 -,
1049 2574 1172 2630 lapsis
1203 2572 1349 2613 fuisset
1378 2570 1564 2620 indulta,
1596 2572 1703 2613 nihil

281 2645 383 2704 juris
416 2644 499 2685 illis
531 2644 677 2696 dabat3
708 2645 781 2684 sed
810 2656 971 2684 tantum
1004 2645 1132 2685 instar
1161 2640 1408 2699 praejudicii
1442 2653 1540 2691 erat,
1574 2653 1619 2682 ut
1649 2644 1701 2683 ab

283 2715 488 2771 episcopo
528 2725 677 2770 postea
723 2714 1047 2756 admitterentur
1092 2715 1143 2755 ad
1183 2712 1400 2768 publicam
1438 2711 1480 2752 in
1521 2712 1698 2754 ecclesia

284 2785 485 2827 orationis
525 2784 882 2825 communionem.
950 2785 1018 2825 De
1059 2783 1264 2842 ejusmodi
1304 2782 1466 2837 privata
1505 2799 1696 2823 commu-

282 2858 409 2899 nione
436 2855 736 2909 intelligendus
776 2868 837 2897 est
873 2855 1045 2897 Eusebii
1089 2855 1206 2896 locus
1247 2853 1289 2894 iu
1321 2853 1391 2896 lib.
1425 2854 1498 2896 VI.
1531 2870 1618 2909 cap.
1650 2853 1690 2896 2.
