1759 3125
676 86 910 128 Excnflsns
941 86 974 126 f,
1455 83 1540 130 373

116 211 223 240 trem
254 215 275 240 a
305 198 443 247 Filio,
484 197 540 237 ita
570 196 731 238 Filium
762 213 784 237 a
814 196 979 252 Spiritu
1007 211 1094 236 non
1123 194 1402 251 separabilem
1433 214 1533 253 pro-

113 276 276 316 nuntiat
305 277 428 316 Tom.
460 274 580 314 XIII.
612 273 654 313 in
686 274 838 315 Matth.
868 290 984 315 num.
1018 272 1107 323 19.,
1149 272 1223 313 ubi
1260 288 1441 328 puerum
1481 275 1531 314 il-

113 353 214 403 lum,
244 368 369 408 quem
397 352 518 392 Jesus
549 351 592 390 in
621 351 764 391 medio
793 349 1103 405 discipulorum
1132 350 1290 405 posuit,
1320 350 1531 406 Spiritum

109 441 298 470 sanctum
327 429 641 483 interpretatur,
672 444 719 468 ac
750 428 802 467 de
835 443 884 467 eo
916 426 975 467 sic
1006 425 1223 482 loquitur:
1254 426 1391 469 Illum
1415 441 1527 484 pue-

107 519 211 547 rum
241 507 299 547 ab
332 508 425 561 ipso
454 504 563 548 Jesu
593 507 641 545 iu
671 506 851 545 nomine
879 503 987 547 Jesu
1016 505 1243 559 suscipere
1273 510 1465 560 oportet,
1496 516 1528 546 a

108 595 191 637 quo
229 584 414 623 minime
455 584 687 638 sejunctus
723 582 852 625 Jesus
891 578 1020 637 apud
1054 594 1156 622 eum
1195 588 1286 633 est,
1318 584 1396 636 qui
1418 595 1528 637 pue-

104 671 209 699 rum
237 661 500 714 susceperit,
531 662 602 700 ita
632 666 683 701 ut
711 661 760 700 iu
791 657 911 700 lzauc
939 659 1219 700 seutentiam
1251 656 1425 700 dictum
1444 662 1527 701 sit.-

103 735 388 792 „Quicunque
412 736 450 792 ¹)
490 736 701 792 receperit
738 753 918 791 puerum
957 736 1084 777 istum
1124 734 1168 775 in
1205 735 1380 776 nomine
1411 753 1524 785 meo,

101 829 170 853 me
200 812 393 868 recipit.“
451 811 632 855 Deinde
669 826 774 855 vero
820 813 992 864 Pater,
1035 814 1142 868 quia
1182 825 1212 853 a
1240 811 1360 855 Filio
1393 824 1523 868 sepa-

100 893 211 932 rari
235 903 326 931 uon
352 897 527 946 potest,
559 888 687 947 apud
712 903 815 931 eum
844 896 926 940 est,
957 892 1037 946 qui
1059 889 1230 933 Filium
1259 891 1521 945 susceperit.

106 965 235 1010 Unde
266 965 439 1010 dictum
468 976 556 1011 est:
596 968 681 1019 „Et
695 967 736 1024 2)
778 966 1017 1023 quicunque
1049 983 1117 1006 me
1145 967 1378 1022 receperit,
1414 966 1522 1006 reci-

97 1044 164 1100 pit
202 1062 321 1098 eum,
363 1045 436 1101 qui
474 1062 542 1086 me
580 1045 738 1088 misit.“
795 1045 963 1086 Eodem
1006 1042 1132 1096 igitur
1169 1044 1302 1084 modo
1334 1043 1519 1098 Spiritus

96 1138 229 1162 unum
261 1133 323 1162 est
353 1138 448 1163 cum
479 1122 608 1174 Filio,
650 1139 734 1178 quo
766 1122 856 1178 ipse
886 1120 1022 1162 Filius
1055 1137 1152 1161 cum
1181 1121 1319 1162 Patre.
1380 1120 1517 1160 Porro

97 1214 192 1238 cum
223 1198 383 1240 idcirco
423 1198 560 1240 Filius
602 1216 650 1240 ex
691 1199 887 1252 Origenis
926 1197 1122 1239 doctrina
1164 1215 1297 1239 unum
1336 1197 1390 1238 sit
1421 1214 1517 1238 cum

94 1276 243 1326 Patre,
285 1276 381 1332 quia
417 1288 509 1317 tota
536 1276 673 1317 Patris
703 1278 921 1326 voluntas,
959 1275 1047 1317 sive
1087 1275 1264 1317 essentia
1295 1274 1334 1315 ei
1364 1273 1520 1315 tradita

94 1353 177 1394 suit
206 1371 229 1394 a
257 1354 404 1395 Patre:
433 1370 602 1395 necesse
635 1365 716 1404 est,
747 1365 794 1394 ut
825 1354 972 1393 eadem
1003 1353 1180 1393 essentia
1210 1351 1393 1408 Spiritui
1423 1367 1513 1393 san-

93 1442 161 1472 cto
191 1431 343 1472 tradita
373 1431 533 1486 pariter
564 1443 605 1472 et
636 1431 945 1472 communicata
974 1430 1039 1472 sit.

206 1509 251 1548 In
283 1509 458 1548 eandem
489 1509 739 1549 sententiam
769 1508 962 1565 loquitur
1000 1508 1125 1550 Tom.
1153 1508 1272 1553 XIV.
1310 1524 1426 1548 num.
1457 1506 1518 1556 6.,,

89 1585 164 1626 ubi
202 1598 338 1626 totam
375 1585 592 1626 scientiam
631 1585 735 1626 Filii
774 1586 816 1626 in
856 1585 1021 1642 Spiritu
1057 1597 1202 1626 sancto
1243 1601 1331 1626 esse
1370 1585 1510 1625 docet.

94 1661 508 1715 Quemadmodum,
547 1663 705 1719 inquit,
746 1665 933 1718 uemffl)
973 1661 1206 1704 hominum
1244 1664 1353 1712 scit,
1393 1673 1508 1716 quae

89 1748 197 1783 suut
226 1740 440 1792 hominis,
482 1743 573 1782 uisi
596 1740 822 1796 Spiritus,
863 1743 942 1796 qui
978 1742 1026 1782 iu
1055 1742 1150 1797 ipso
1179 1746 1248 1781 est
1259 1757 1274 1790 ;
1316 1745 1362 1781 et
1391 1751 1508 1794 quae

88 1819 185 1860 Dei
207 1824 318 1859 suut
346 1832 476 1860 uemo
507 1822 743 1875 coguovit,
781 1821 876 1860 uisi
893 1818 1093 1874 Spiritus
1129 1817 1244 1859 Dei:
1281 1819 1354 1858 ita
1392 1828 1507 1871 quae

92 1895 300 1938 Christus
336 1896 383 1936 iu
418 1897 674 1950 proverbiis
714 1902 760 1938 et
791 1893 1032 1951 parabolis
1070 1895 1245 1936 locutus
1282 1901 1374 1945 est,
1399 1899 1504 1949 post

86 1974 240 2016 Deum
269 1985 398 2014 nemo
428 1974 553 2013 novit
579 1979 773 2028 praeter
801 1972 1024 2029 Spiritum
1049 1971 1240 2015 Christi:
1271 1972 1399 2027 cujus
1430 1973 1509 2026 qui

83 2052 318 2108 particeps
333 2050 516 2104 fuerit,
556 2063 645 2091 uon
674 2050 818 2091 solum
848 2058 1074 2106 quatenus
1106 2049 1282 2093 Christi
1303 2048 1505 2105 Spiritus

87 2136 178 2178 est,
227 2125 310 2169 sed
342 2129 486 2168 etiam
516 2135 740 2182 quatenus
772 2127 970 2180 Christi,
1013 2134 1067 2170 ut
1113 2128 1402 2184 Sapientiae,
1449 2133 1501 2167 ut

96 2207 255 2256 Verbi,
295 2207 332 2245 is
362 2217 476 2259 quae
505 2205 597 2245 sibi
619 2218 755 2261 super
785 2205 866 2247 lzoc
896 2207 991 2248 loco
1022 2213 1191 2262 aperta
1219 2205 1426 2259 fuerint,
1455 2212 1503 2246 et

85 2290 278 2332 retecta,
309 2283 462 2323 auimo
492 2283 799 2339 contemplari
818 2286 1007 2340 poterit.

197 2361 323 2402 Torn.
353 2360 534 2405 ΧΧΧΙΙ,
582 2360 623 2400 in
669 2362 820 2408 Joann‚
871 2379 984 2403 num.
1028 2361 1092 2406 18.
1140 2362 1243 2402 haec
1281 2361 1499 2413 leguntunt

86 2438 187 2481 Nou
208 2437 250 2493 ⁴)
283 2435 494 2479 arbitror
517 2441 751 2494 percipere
783 2440 978 2495 aliquem
1000 2453 1127 2496 posse
1149 2437 1325 2480 omnem
1352 2439 1500 2495 splen-

89 2515 244 2558 dorem
276 2518 415 2557 totius
439 2514 624 2571 gloriae
654 2517 760 2568 Dei,
790 2519 882 2560 uisi
907 2517 1078 2561 Filium
1106 2517 1211 2560 Dei.
1255 2516 1310 2560 St
1334 2528 1384 2558 eo
1414 2513 1497 2558 ad-

208 2691 247 2746 ¹)
278 2692 376 2733 Luc.
408 2692 483 2741 IX,
514 2691 578 2735 48.
699 2695 740 2749 2)
771 2696 873 2737 Luc.
908 2694 982 2745 IX,
1011 2694 1077 2738 48.

203 2762 246 2815 ³)
280 2762 367 2802 Csr.
397 2765 416 2803 I
449 2763 545 2804 Cor.
579 2764 633 2813 ll,
669 2763 734 2808 11.

205 2831 247 2886 ⁴)
279 2832 364 2874 Csr.
397 2834 461 2875 cd.
489 2846 621 2875 nostr.
653 2834 777 2877 Tom.
810 2838 862 2879 H.
895 2853 984 2892 pag.
1016 2836 1108 2880 470.
