1759 3125
487 98 876 136 OaffleurANORUM
907 94 1050 134 Lmen
1080 97 1108 134 l.
1450 95 1502 138 91

87 203 274 253 sentiret,
305 220 390 244 non
421 205 640 260 apposuit;
685 217 726 245 et
765 221 866 245 vero
907 204 1009 260 quid
1050 216 1284 259 apponeret
1321 222 1406 246 non
1438 207 1509 247 ha-

88 281 200 320 buit:
236 280 362 320 nullis
395 282 505 322 enim
538 283 804 330 auctoribus,
854 281 984 321 nullis
1026 282 1281 333 argumentis
1311 298 1375 322 res
1405 284 1508 323 falsa

88 369 256 412 poterat
285 358 533 413 approbari;
573 358 671 399 facti
711 359 919 414 siquidem
957 358 1072 398 illius
1112 370 1280 413 praeter
1322 359 1510 415 Epipha-

88 433 204 473 nium
235 434 427 475 meminit
457 436 676 476 Nemesius
703 437 738 490 ¹)
771 435 1010 476 Justiniano
1042 434 1276 489 antiquior3
1315 436 1510 476 meminit

91 521 131 549 et
161 510 362 551 Leontius
383 512 424 568 2)
458 513 696 570 Byzantius,
728 529 852 567 quem
871 511 1152 552 B‹·llarmim¹s
1184 513 1325 567 quinta
1343 516 1505 571 synodo

89 587 352 641 superiorem
383 588 507 628 fuisse
541 600 694 629 censet.
753 590 848 629 Huc
880 590 1001 639 adde,
1033 589 1301 629 idololatriae
1334 591 1504 645 quidem

91 663 319 716 Origenem
352 667 427 706 hac
459 683 524 721 ep.
555 666 834 706 Justininnum
867 682 1095 718 arcessere3
1129 667 1180 706 de
1211 667 1422 723 Aethiope
1454 686 1506 708 ne

91 742 263 781 verbum
296 742 468 797 quidem
508 741 693 798 injicere.
763 744 910 798 Neque
954 755 1064 783 certe
1095 744 1318 798 probabile
1351 757 1432 795 est,
1463 746 1506 786 in

90 818 301 876 encyclica
330 819 406 860 hac
450 836 516 874 ep.
548 820 600 859 ad
630 819 847 875 universos
880 819 1106 875 episcopos
1139 820 1341 862 destinata
1372 821 1507 878 impe-

83 907 288 950 ratorem,
319 898 386 936 vel
418 897 488 952 qui
518 896 690 936 nomine
723 897 990 952 imperatoris
1021 897 1206 952 scripsit,
1237 900 1506 940 mendacium

89 989 134 1012 re
165 974 280 1013 nulla
312 975 552 1028 postulante
591 974 839 1024 confictum,
888 974 1082 1015 Patribus
1122 975 1163 1014 in
1204 990 1249 1014 os
1290 975 1507 1032 objecisse,

91 1050 188 1091 viris
218 1068 304 1092 non
334 1051 555 1100 illiteratis,
588 1062 628 1090 et
658 1050 720 1090 rei
750 1050 962 1091 inauditae
983 1051 1214 1092 novitatem
1248 1054 1400 1107 procul
1432 1055 1510 1094 du-

90 1129 161 1168 bio
192 1128 424 1178 miraturis,
456 1127 626 1184 ejusque
659 1128 883 1168 falsitatem
914 1129 1037 1169 facile
1068 1129 1364 1184 perspecturis.
1424 1131 1507 1171 Re-

92 1205 263 1261 pudiata
294 1205 420 1258 igitur
448 1205 524 1244 hac
560 1204 749 1244 Halloxii
787 1205 1051 1262 conjectura,
1095 1206 1329 1247 Baronium
1366 1208 1506 1263 ipsum

93 1282 345 1323 adoriamur.
405 1285 466 1322 Ac
507 1281 690 1336 primum
733 1282 914 1323 fateatur
942 1299 1110 1323 necesse
1154 1295 1237 1332 est,
1281 1285 1508 1328 admissum

93 1362 143 1400 ab
176 1360 358 1412 OrIgene
389 1359 657 1399 idololatriae
688 1360 822 1399 scelus
854 1361 1077 1410 Nemesio,
1109 1362 1315 1412 Leontio,
1356 1374 1396 1403 et
1433 1365 1508 1404 Ju-

93 1437 270 1478 stiniano
301 1448 450 1477 notum
483 1453 530 1476 ac
561 1447 940 1476 commemoratum
972 1437 1111 1478 fuisse.
1172 1437 1273 1494 Ejus
1293 1439 1335 1494 3)
1366 1452 1506 1482 autem

92 1515 258 1555 tacendi
304 1531 369 1554 eas
414 1514 648 1553 habuerunt
696 1528 855 1552 caussas
904 1513 1146 1565 Origeniani
1197 1529 1507 1570 oppugnatores

93 1591 291 1640 nominis,
323 1606 423 1646 quas
456 1590 627 1644 exponit
656 1589 875 1639 Petaviu53
917 1591 981 1629 vel
1021 1592 1138 1645 quod
1176 1592 1228 1631 ad
1268 1593 1507 1636 ventilanda

93 1668 293 1708 nimirum
337 1666 531 1718 Origenis
571 1666 764 1717 dogmata
796 1665 964 1717 attenti,
1004 1667 1230 1708 admissum
1269 1669 1508 1712 humanitus

95 1745 297 1797 flagitium
334 1743 612 1796 neglexerint;
659 1744 726 1783 vel
771 1744 886 1799 quod
939 1746 1207 1785 emendatum
1250 1746 1510 1801 poenitentia

96 1821 254 1862 crimen
308 1821 514 1879 objicere,
569 1821 778 1861 illiberale
833 1833 876 1861 et
927 1821 1119 1877 iniquum
1166 1839 1252 1864 esse
1303 1825 1508 1869 duxerint.

97 1898 211 1952 Quas
234 1899 276 1955 ⁴)
308 1900 359 1939 ad
393 1915 565 1948 caussas,
595 1898 686 1938 illas
719 1898 844 1938 etiam
876 1899 1094 1939 accessisse
1127 1911 1249 1954 puto,
1280 1917 1354 1941 cur
1374 1901 1415 1942 id
1443 1919 1507 1942 re-

218 2108 256 2164 ¹)
291 2109 376 2151 Cfr.
409 2111 576 2151 Nemes.
609 2126 696 2164 cap.
729 2109 796 2152 30.

210 2180 251 2236 2)
286 2180 373 2221 Csr.
405 2182 552 2220 Leout.
585 2180 727 2221 Schol.
763 2178 931 2220 Action.
958 2178 1023 2221 10.

212 2250 254 2305 3)
291 2250 336 2291 Si
375 2249 637 2305 Epiphanius
685 2251 736 2289 ad
785 2249 1023 2289 ventilanda
1071 2249 1265 2301 Origenis
1315 2251 1509 2303 dogmata

97 2317 301 2355 attentus,
338 2307 469 2347 hocce
500 2319 639 2369 tamen
670 2305 874 2358 flagitium
913 2323 999 2346 non
1030 2305 1232 2357 neglexit;
1273 2307 1305 2346 si
1344 2307 1432 2362 ipse
1463 2326 1511 2350 ac

99 2362 322 2418 praecipue
363 2379 558 2418 sequaces
597 2362 699 2427 ejus
735 2363 1002 2402 emendatum
1049 2362 1312 2417 poenitentia
1352 2365 1509 2406 crimen

99 2419 297 2483 obii-cere,
326 2419 533 2459 illiberale
565 2430 604 2458 et
645 2419 834 2474 lniquum
875 2435 960 2459 non
1003 2420 1230 2459 duxerunt:
1271 2437 1398 2474 quaie
1440 2423 1512 2462 alii

100 2475 308 2516 duxissent
339 2475 582 2527 Origeniani
613 2487 925 2530 oppugnatores
964 2475 1177 2517 nominis?
1215 2492 1341 2531 quare
1372 2481 1514 2530 negle-

100 2531 279 2572 xissent?
326 2533 439 2572 Num
473 2532 784 2572 illiberalimes
810 2543 852 2572 et
881 2532 1114 2587 iniquiores
1144 2532 1433 2586 Epiphanius,
1472 2546 1513 2574 et

102 2599 313 2642 quotquot
353 2588 390 2627 ei
428 2588 644 2641 sulliagati
683 2600 801 2638 sunt,
846 2590 993 2629 cett-xis
1034 2588 1226 2639 Origenis
1269 2590 1512 2630 adveisariis

102 2644 244 2683 haberi
275 2645 458 2685 debent?
504 2646 627 2685 Certe
656 2662 742 2685 non
773 2645 802 2684 ii
837 2657 950 2685 erant
981 2645 1265 2702 Hieronymus
1297 2658 1338 2685 et
1368 2647 1511 2686 Ἡιοο-

104 2698 256 2753 philus,
287 2700 358 2754 qui
387 2701 490 2742 hanc
523 2701 692 2753 (higeni
727 2702 891 2756 culpam
927 2703 1229 2750 condonarent,
1262 2714 1515 2755 quantacun·

105 2771 185 2809 que
214 2754 330 2794 illam
362 2770 530 2811 poenu«
535 2770 619 2798 1:111
651 2759 829 2798 eluisset.
866 2760 913 2799 R.

220 2823 262 2879 4)
295 2825 422 2866 Leses
460 2828 687 2868 admodum
728 2828 874 2869 Huetii
923 2827 1202 2884 conjecturae.
1277 2826 1384 2868 Satis
1426 2838 1509 2867 crat
