1759 3125
643 73 881 115 Exctmsus
911 73 1001 114 Vn.
1445 75 1526 118 411

110 186 206 229 Dea·
229 185 376 229 Ftltus
413 193 459 228 et
496 184 592 227 Dei
627 185 796 234 ve’rtns,
841 184 1049 228 Christus
1085 190 1130 226 et
1170 183 1264 226 Dei
1295 186 1528 240 sapientia

109 263 395 319 appellatur:
435 268 481 302 et
511 273 699 302 rursum
738 261 833 303 Dei
866 259 1035 310 Filius,
1076 273 1162 316 per
1201 274 1330 316 quem
1372 266 1528 305 omnia

111 346 275 381 ereata
303 345 427 393 sunt,
456 338 586 382 Jesus
621 337 828 380 Christus
857 344 903 379 et
920 336 1066 380 Ftltus
1097 337 1289 379 leontinis
1318 341 1527 381 nomina-

110 423 200 458 tur.
257 414 382 457 Nam
412 423 459 457 et
486 415 634 459 Filias
663 415 758 457 Del
785 421 991 455 mortuns
1014 427 1106 455 esse
1138 413 1327 465 dicitnr,
1353 428 1439 471 pro
1470 430 1528 458 ea

106 492 278 534 scilicet
307 500 504 543 natura,
537 505 652 548 qaae
681 497 875 533 mortem
905 492 1059 546 utique
1088 493 1291 545 recipere
1314 499 1528 547 poterat.-

105 576 152 611 et
181 569 328 612 Filias
357 568 550 611 hominis
581 569 859 625 appellatur,
890 569 968 623 qai
992 574 1210 609 venturus
1237 570 1284 609 in
1316 568 1524 611 Det'Pa-

105 648 194 687 tris
218 646 379 702 gloria
409 660 510 688 cum
543 648 717 688 sanctis
755 645 937 701 angelis
959 643 1283 701 praedicatur.
1335 646 1400 688 Et
1438 646 1526 690 hac

104 720 159 764 de
190 735 331 764 caasa
366 735 453 779 per
492 736 668 764 omnem
697 721 991 778 scripturam
1031 728 1129 763 tam
1160 718 1317 763 divina
1348 731 1526 767 natura

104 797 318 841 Immanis
348 799 578 841 vocabulis
608 799 896 855 appellatur,
934 812 1070 855 qnam
1109 797 1315 841 hamana
1345 807 1524 843 natura

102 872 286 918 divinae
316 878 673 933 nuncupationis
702 873 961 931 z'nscgnc’bns
991 873 1252 917 decoratur.

212 953 290 994 ΙΙΙ.
348 953 396 994 Si
425 955 563 995 anima
594 952 748 995 Christi
768 953 819 993 ab
849 951 971 992 initio
1006 952 1229 993 creationis
1258 954 1522 1011 hypostatice

102 1028 218 1070 unita
247 1029 329 1070 fuit
367 1046 466 1070 cum
503 1030 670 1080 Verbo,
711 1030 930 1085 quomodo
970 1029 1076 1069 hanc
1120 1028 1323 1071 unionem
1364 1035 1519 1075 mereri

99 1106 272 1161 potuit?
328 1107 375 1148 Si
405 1107 456 1147 ab
487 1106 608 1147 initio
648 1106 809 1146 idcirco
849 1105 1150 1156 immutabilis,
1189 1107 1275 1148 sive
1313 1108 1523 1165 impecca-

99 1182 196 1223 bilis
225 1182 326 1233 fuit,
373 1182 471 1238 quia
507 1199 676 1239 semper
713 1194 803 1223 tota
841 1184 923 1224 suit
960 1183 1077 1223 unita
1108 1199 1203 1224 curn
1235 1195 1328 1224 toto
1362 1187 1520 1239 Vei-lm,

99 1262 320 1316 quomodo
351 1261 428 1301 hac
458 1260 715 1300 immutabili
746 1260 962 1301 sanctitate
995 1273 1220 1302 consecuta
1251 1273 1324 1312 est,
1354 1276 1402 1304 ut
1424 1282 1519 1308 cum

98 1337 241 1377 Verbo
272 1336 493 1379 uniretur?
522 1339 634 1378 Num
664 1336 793 1389 igitur
821 1353 962 1378 secum
995 1353 1180 1393 pugnare
1211 1337 1399 1381 dicemus
1423 1342 1519 1384 Ori..

88 1429 259 1468 genem,
292 1424 363 1453 aut
394 1429 442 1453 ex
474 1412 562 1471 ejus
594 1426 790 1455 contextu
823 1430 1119 1470 expungemus,
1153 1416 1269 1471 quod
1299 1416 1375 1458 ait:
1408 1417 1519 1462 clt'le-

97 1492 259 1531 ettonis
282 1489 643 1546 perfectionem,
685 1503 741 1531 ac
779 1492 941 1531 merita·
976 1490 1171 1543 affectas
1198 1494 1518 1539 sinceritatem

99 1565 219 1608 ltanc
249 1569 295 1608 et·
321 1565 678 1623 inseparabilem
709 1581 810 1609 enm
840 1567 940 1609 Deo
957 1567 1131 1622 fecisse
1161 1572 1391 1612 unitatem
1402 1590 1417 1622 ;
1446 1576 1518 1617 z'ta

95 1651 150 1686 ut
178 1658 269 1686 non
299 1643 503 1694 fortuita
530 1643 705 1697 faerit,
744 1652 828 1687 aut
868 1658 971 1686 eum
997 1658 1224 1701 personae
1252 1653 1516 1706 acceptione

97 1724 282 1764 animae
310 1723 407 1778 ejas
438 1723 673 1772 assumtio,
703 1719 786 1763 sed
803 1724 1030 1764 virtutum
1058 1736 1251 1766 suasam
1282 1727 1327 1767 εἰ
1352 1732 1514 1771 merito

96 1798 293 1842 delata?
321 1801 532 1840 Neutrum
564 1798 761 1854 equidem
793 1798 1068 1851 crediderim3
1098 1817 1238 1856 neque
1269 1803 1383 1845 enim
1415 1806 1516 1849 haec

98 1878 224 1917 verba
252 1877 304 1917 ab
336 1875 424 1932 ejus
454 1875 679 1931 proposito
710 1877 915 1918 aberrant.
975 1877 1025 1917 ld
1053 1894 1197 1929 unum,
1227 1891 1274 1919 ut
1301 1880 1388 1939 jam
1417 1884 1515 1936 dixi,

97 1965 235 2003 cavet,
273 1970 326 1993 ne
371 1953 462 2008 quis
502 1952 685 1993 animam
728 1952 885 1995 Christi
923 1953 965 1994 in
1007 1955 1160 1995 eodem
1198 1972 1245 1996 ac
1275 1958 1376 2000 alias
1404 1972 1515 2002 statu

96 2030 323 2085 aliquando
357 2025 497 2079 fuisse,
531 2041 572 2070 et
603 2045 650 2069 ex
682 2046 824 2070 earum
856 2046 1033 2071 numero
1066 2033 1118 2072 ad
1147 2033 1350 2076 unionem
1380 2037 1515 2094 hypo-

94 2107 284 2149 staticam
317 2107 495 2147 electam
532 2107 659 2148 fuisse
688 2107 936 2163 suspicetur.
1001 2109 1117 2150 Haec
1150 2111 1301 2152 electio
1332 2130 1419 2155 non
1447 2132 1515 2156 so-

96 2185 186 2224 lum
216 2183 414 2235 fortuita,
456 2195 497 2225 et
542 2201 638 2225 cum
676 2202 952 2240 personarum
983 2187 1230 2243 acceptione
1260 2191 1370 2232 facta
1400 2192 1517 2233 vide-

94 2274 233 2312 retur,
269 2262 344 2301 sed
382 2260 471 2316 ipsa
520 2261 646 2302 etiam
686 2262 824 2304 anima
863 2275 971 2304 esset
1008 2264 1294 2317 indignissima
1323 2267 1401 2309 hac
1432 2270 1517 2311 ele-

97 2338 254 2380 ctione.
322 2338 429 2378 Nam
467 2354 515 2378 ex
553 2339 712 2380 unione
750 2340 1014 2398 hypostatica
1061 2343 1191 2385 Verbi
1241 2360 1336 2385 cum
1375 2346 1514 2389 anima

96 2427 167 2458 aut
196 2414 446 2471 peccatrice,
475 2427 546 2456 aut
574 2433 678 2472 quae
709 2434 888 2473 peccare
921 2431 962 2459 et
991 2419 1179 2460 damnari
1200 2421 1421 2476 potuisset,
1451 2442 1514 2466 se-

98 2504 299 2550 queretur
331 2493 382 2532 de
412 2492 555 2533 Verbo
597 2494 656 2536 sic
696 2495 734 2535 ei
772 2496 893 2536 unito
933 2496 1046 2537 idem
1079 2498 1134 2537 ob
1166 2501 1514 2544 communionem

96 2570 351 2612 idiomatum
392 2568 475 2609 dici
515 2586 651 2626 posse.
728 2575 864 2626 Negat
909 2573 1037 2625 igitur
1078 2574 1280 2627 Origenes
1329 2579 1513 2623 animam

102 2647 258 2690 Christi
287 2647 493 2695 fortuito,
525 2659 597 2688 aut
627 2665 720 2691 cum
751 2667 1027 2706 personarum
1059 2653 1327 2708 acceptione,
1360 2657 1404 2698 id
1438 2671 1511 2711 est,

97 2741 146 2765 cx
177 2741 353 2765 numero
392 2723 595 2765 similium
634 2727 865 2768 animarum
908 2740 949 2769 et
985 2728 1028 2769 in
1066 2731 1218 2771 eodem
1258 2745 1367 2774 statu
1408 2736 1513 2777 exsi-

96 2800 295 2843 stentium
326 2802 525 2858 electam3
556 2804 735 2857 gratuito
764 2806 940 2848 electam
971 2806 1012 2849 iu
1042 2807 1136 2864 ipso
1169 2810 1391 2854 creationis
1419 2830 1510 2856 mo-
