1759 3125
491 97 883 139 OmGENlANoRuM
912 93 1053 136 LIBER
1084 95 1113 134 Ι.
1449 90 1504 133 45

94 222 197 266 quot
231 208 409 267 Aegypti
440 207 649 264 episcopis
691 219 833 248 coacta
872 205 1097 247 sacerdotii
1138 220 1307 260 quoque
1346 205 1507 244 honore

96 287 330 327 exuendum
363 285 562 326 decrevit.
632 284 743 325 Huic
783 283 992 325 Demetrii
1037 283 1209 322 decreto
1251 279 1506 321 consensisse

93 362 335 402 universum
364 363 533 412 orbem,
566 372 737 417 excepta
767 360 1023 409 Palaestina,
1056 358 1233 407 Arabia,
1262 356 1507 406 Phoenicia,

94 451 135 480 et
162 440 318 480 Achaia
347 439 593 479 testificatur
617 439 901 496 Hieronymus
933 438 1005 477 lib.
1032 435 1070 478 2.
1101 435 1144 475 in
1160 435 1300 475 Rufin.
1334 450 1421 488 cap.
1444 433 1508 484 5.;

93 531 169 555 nec
199 531 376 571 propter
406 517 649 568 dogmatum
686 515 939 564 novitatem,
978 528 1215 561 erroresve,
1247 512 1320 552 sed
1349 509 1508 551 invidia

94 593 263 633 laudem
294 592 456 633 virtutis
488 591 574 650 ejus
605 593 732 633 fuisse
764 592 974 632 obtritam,
1021 592 1184 631 Auctor
1205 604 1373 644 quoque
1393 587 1508 627 idem

93 668 182 724 ipse
224 681 306 718 est,
350 686 437 710 non
472 669 735 727 presbyterio
776 669 915 710 solum
954 667 1181 719 origenem
1222 681 1244 705 a
1282 663 1505 704 Demetrio

95 761 180 786 esse
211 747 478 797 submotum,
509 748 582 787 sed
613 746 813 787 ecclesiae
846 745 971 786 etiam
999 743 1200 785 societate
1230 740 1507 798 prohibitum,

94 823 448 864 consentientibus
478 823 521 864 in
551 823 596 863 id
625 822 936 874 sacerdotibus;
966 833 1013 862 ut
1041 820 1147 861 mihi
1173 818 1400 860 verisimile
1420 819 1506 867 fiat,

91 899 135 939 in
171 901 332 957 synodo
381 917 403 941 a
442 900 665 941 Demetrio
713 900 889 940 collecta
938 898 1143 939 sancitum
1190 912 1360 952 quoque
1398 894 1508 935 illud

93 975 232 1017 fuisse.
293 977 378 1018 Sed
408 977 491 1035 jam
523 990 641 1019 antea
680 977 815 1033 patria
855 987 1103 1026 excesserat,
1146 990 1242 1014 cum
1281 973 1383 1014 coiit
1420 973 1507 1013 De-

92 1053 295 1094 metriana
322 1053 396 1095 illa
425 1056 620 1113 synodus,
653 1054 1013 1110 quemadmodum
1038 1052 1225 1092 dicemus
1243 1051 1373 1106 paulo
1399 1060 1508 1105 post.

93 1132 156 1171 Ita
188 1130 343 1171 Achaia
372 1148 560 1173 reversus
592 1130 891 1173 Alexandriam
924 1128 1195 1171 Adamantius
1224 1127 1308 1184 jam
1338 1129 1510 1185 presby-

93 1219 169 1257 ter,
199 1207 471 1265 pristinisque
502 1210 687 1250 intentus
718 1208 890 1257 studiis,
934 1223 957 1247 a
987 1206 1162 1262 proprio
1196 1205 1398 1261 episcopo
1430 1202 1510 1243 sibi

92 1285 278 1341 primum
307 1286 486 1336 favente,
518 1286 669 1327 deinde
702 1286 809 1326 clam
839 1284 1079 1334 invidente,
1117 1295 1209 1323 tum
1237 1280 1427 1322 maximis
1459 1279 1510 1319 ad

94 1362 292 1403 invidiam
326 1363 415 1403 odii
445 1363 563 1405 factis
594 1363 902 1404 accessionibus
940 1361 1079 1417 palam
1117 1360 1282 1400 infenso
1322 1358 1509 1411 agitatus,

94 1442 263 1481 tandem
296 1441 479 1481 defessus
509 1441 628 1481 malis
659 1440 834 1497 injuriae
877 1438 1102 1487 concessit,
1142 1437 1369 1492 patriisque
1400 1434 1510 1474 sedi-

94 1519 171 1558 bus
203 1518 403 1558 excedere
443 1530 612 1558 coactus
652 1529 724 1558 est.
794 1515 1001 1555 Exsilium
1041 1514 1200 1570 quippe
1244 1512 1324 1569 ipsi
1366 1512 1510 1552 decer-

95 1606 218 1635 nente
249 1595 426 1652 synodO,
460 1595 573 1649 quod
605 1594 685 1634 sibi
715 1592 1023 1648 praesentiebat
1054 1606 1140 1630 esse
1172 1589 1411 1630 faciendum
1441 1587 1509 1628 vel

96 1671 294 1723 ingratiis,
326 1682 476 1726 sponte
508 1671 730 1712 admittere
760 1668 934 1709 maluit:
976 1685 1071 1709 cum
1101 1666 1347 1723 praesertim
1375 1665 1511 1717 ingra-

97 1760 335 1789 vescentem
373 1748 574 1789 invidiam
612 1749 722 1788 ferre
759 1762 845 1788 non
885 1756 1039 1801 posset.
1111 1743 1183 1785 Sic
1224 1743 1335 1784 enim
1368 1740 1510 1782 conci-

97 1825 225 1866 liandi
256 1836 363 1875 sunt,
396 1825 467 1880 qui
496 1824 650 1882 jactant
678 1835 829 1880 sponte
860 1823 1009 1863 abiisse
1039 1821 1192 1878 ipsum,
1224 1837 1320 1861 cum
1342 1819 1406 1869 iis,
1436 1817 1509 1874 qui

95 1902 230 1958 patria
261 1901 480 1957 expulsum
513 1912 553 1941 et
583 1901 903 1942 exterminatum
933 1899 1060 1940 fuisse
1092 1899 1254 1938 volunt.

207 1981 328 2021 XIII.
388 1978 527 2019 Aliam
548 1980 585 2034 ¹)
629 1978 762 2019 exsilii
799 1976 922 2033 hujus
954 1992 1138 2017 caussam
1168 1976 1293 2016 affert
1324 1972 1511 2029 Epipha-

217 2219 256 2269 ¹)
289 2218 410 2257 Adeo
453 2217 569 2258 omni
606 2233 778 2273 prorsus
819 2214 1184 2257 verisimilitudine
1232 2227 1371 2252 carere
1408 2211 1510 2253 haec

98 2274 272 2315 historia
302 2274 490 2315 Baronio
522 2274 607 2314 visa
639 2286 719 2324 est,
760 2285 808 2315 ut
839 2273 1025 2322 dubitet,
1070 2287 1121 2311 an
1161 2269 1229 2310 hic
1260 2269 1378 2309 locus
1408 2269 1512 2324 Epi-

97 2331 244 2387 phanii
273 2330 403 2371 textui
436 2347 521 2371 non
551 2330 603 2371 sit
632 2330 810 2371 insertus
844 2341 884 2370 et
913 2329 1203 2384 interpolatus.
1264 2327 1421 2365 Verum
1456 2326 1510 2366 ad

97 2389 141 2429 id
170 2404 257 2428 non
286 2403 455 2427 necesse
487 2399 547 2427 est
578 2399 624 2427 ut
653 2403 928 2428 recurramus.
989 2385 1066 2426 Vel
1098 2401 1144 2424 ea
1175 2383 1285 2432 sola,
1318 2397 1424 2437 quae
1458 2383 1510 2422 de

96 2444 276 2485 Meletio
309 2455 350 2483 et
380 2443 481 2483 Ario
522 2444 650 2483 refert
677 2443 960 2499 Epiphanius,
1001 2441 1225 2481 manifesto
1265 2450 1509 2490 argumento

98 2512 205 2550 sunt,
236 2500 374 2555 ipsum
406 2500 614 2540 interdum
646 2499 814 2541 incertis
845 2511 886 2539 et
915 2498 1028 2538 falsis
1066 2498 1242 2537 nimium
1282 2511 1325 2535 se
1365 2496 1511 2535 credu-

100 2557 188 2596 lum
225 2557 463 2611 praebuisse
509 2556 761 2597 rumoribus.
836 2555 938 2612 Ejus
983 2555 1124 2610 itaque
1165 2552 1388 2594 auctoritas
1425 2567 1512 2591 non

103 2612 284 2662 obstitit,
323 2613 546 2668 quominus
583 2613 771 2653 Valesius
809 2628 949 2652 merae
987 2612 1153 2652 fabulae
1200 2610 1297 2648 loco
1338 2608 1511 2647 haberet

103 2683 206 2716 eam,
237 2685 361 2723 quam
392 2670 518 2709 affert
549 2669 680 2709 exsilii
713 2669 907 2721 Origenis
940 2684 1116 2708 causam.
1140 2669 1170 2707 Ι.
1212 2665 1337 2705 Certe
1368 2674 1511 2703 aucto-

100 2722 213 2763 ritati
242 2725 468 2780 Epiphanii
507 2725 548 2766 in
591 2742 636 2766 ea
674 2743 717 2766 re
756 2727 938 2765 multum
978 2735 1104 2764 nocet
1133 2720 1346 2763 silentium
1377 2718 1512 2758 homi-

101 2795 200 2819 num
240 2780 362 2832 longe
400 2781 492 2835 ipso
533 2782 796 2832 doctiorum,
838 2798 1017 2837 quorum
1057 2779 1128 2821 alii
1170 2777 1396 2828 Origeuem
1427 2789 1512 2814 sae-

104 2836 200 2876 culo
231 2837 302 2876 lV.
335 2847 375 2876 et
403 2838 451 2878 V.
486 2838 678 2879 convitiis
710 2839 988 2886 incesserunt,
1030 2836 1101 2877 alii
1131 2831 1337 2890 apologiis
1368 2831 1513 2870 defen-
