1759 3125
267 89 322 131 70
681 89 822 131 Pmm
852 89 1067 131 DANlssLls
1099 89 1262 131 Huss'rn

267 212 409 257 grante
438 202 514 241 hac
545 194 839 256 persecutione
871 201 1162 257 comprehensi
1196 213 1237 241 et
1267 201 1309 242 in
1342 202 1573 251 custodiam
1602 204 1682 244 acti

269 289 377 320 sunt.
437 277 638 332 Quamvis
676 291 818 320 autem
857 280 936 335 ipsi
976 295 1053 334 per
1091 295 1133 320 se
1176 279 1330 321 Christi
1371 295 1553 321 caussam
1583 297 1682 336 pro-

271 366 503 411 pugnarent
532 355 723 407 vin-iliter,
754 374 838 397 non
869 354 1145 397 mediocriter
1170 367 1308 396 tamen
1327 368 1551 412 utrumque
1584 373 1683 397 con-

269 431 455 472 firmavit
485 432 701 485 Origenes,
734 433 861 474 misso
891 448 1018 472 aureo
1051 431 1214 482 libello,
1245 449 1327 488 quo
1359 434 1410 473 ad
1441 434 1685 491 martyrium

275 524 346 549 eos
386 520 446 550 est
484 509 739 551 adhortatus.
808 509 980 549 Librum
1020 508 1131 549 hunc
1178 508 1304 561 igitur
1349 510 1392 550 in
1431 510 1686 552 Caesariensi

275 586 453 627 latibulo
493 586 697 643 scriptum
737 585 865 627 fuisse
905 584 1057 625 merito
1100 585 1294 626 videmur
1324 586 1557 643 conjicere:
1599 605 1683 643 quo

274 679 374 704 vero
406 664 633 704 destinatus
665 663 810 713 suerit,
857 679 930 703 seu
971 662 1121 718 quihus
1161 663 1203 704 in
1247 664 1352 704 locis
1392 664 1494 705 torti
1533 665 1688 705 suerint

274 740 521 782 Ambrosius
568 753 608 780 et
648 739 943 790 Protoctetus,
989 739 1032 780 id
1080 740 1323 798 conjectura
1366 741 1528 798 assequi
1565 742 1688 783 facile

275 833 360 857 non
389 829 463 858 est.
510 817 581 859 Sic
612 834 682 858 cos
714 815 947 872 alloquitur
966 816 1167 870 Origenes
1198 818 1239 859 in
1272 834 1336 868 eo,
1368 819 1420 858 de
1452 836 1535 875 quo
1564 835 1691 875 quae-

275 893 418 944 rimus,
449 894 619 935 libello:
652 897 837 942 Παῦλος
864 895 952 950 μὲν
982 897 1172 952 λεγέτω·-
1204 898 1270 946 ,,εῑ
1290 896 1327 952 ¹)
1358 895 1471 939 κατὰ
1504 892 1691 952 ἅνθρω-

276 988 367 1015 nov
396 971 740 1030 ἐθηριομάχησα
772 973 822 1015 ἐν
848 971 1093 1029 Ἐφέσῳ·“
1125 972 1253 1030 ἡμεῖς
1283 976 1357 1018 δέ·
1390 977 1428 1018 εἰ
1460 973 1572 1016 κατὰ
1604 970 1692 1016 ι’ἱν-

277 1055 469 1105 &gunnor
512 1049 739 1109 ἀνῃρέθην
784 1051 833 1091 ἔν
876 1054 1118 1106 Γερμανίᾳ.
1195 1050 1333 1107 Loqui
1374 1050 1601 1103 Origenem
1643 1068 1691 1091 ex

279 1126 508 1177 Ambrosii,
539 1139 580 1167 et
609 1126 846 1167 Protocteti
877 1143 1057 1182 persona
1094 1128 1363 1169 manifestum
1404 1139 1486 1178 est3
1526 1128 1692 1168 nullum

277 1203 368 1258 ipse
402 1204 611 1260 siquidem
641 1205 722 1245 hoc
752 1217 946 1259 tempore
978 1204 1202 1246 discrimen
1232 1205 1346 1248 adiit.
1393 1205 1509 1259 Quid
1541 1206 1593 1246 sit
1623 1223 1694 1246 au-

278 1292 364 1322 tem
403 1282 627 1323 Germania
674 1281 770 1332 illa,
817 1297 963 1334 magna
1015 1281 1260 1339 dijudicatio
1311 1294 1383 1324 est.
1463 1283 1697 1323 Addubitat

280 1358 494 1407 Ortelius‚
543 1376 682 1400 annon
721 1359 947 1400 Germania
985 1358 1040 1399 sit
1080 1359 1433 1415 Germanopolis,
1488 1377 1613 1416 quam
1651 1360 1694 1401 in

278 1435 597 1490 Paphlagonum
635 1436 951 1478 mediterraneis
995 1436 1178 1477 collocat
1228 1436 1498 1477 Ptolemaeus
1539 1437 1694 1489 Geogr.

280 1512 354 1554 lib.
385 1514 434 1554 V.
467 1530 555 1570 cap.
587 1513 641 1566 6.,
675 1513 1027 1569 Germanopolim
1057 1525 1197 1553 autem
1239 1514 1414 1554 eandem
1446 1530 1532 1556 esse
1563 1515 1696 1571 suspi-

282 1601 399 1632 catur
436 1607 482 1632 ac
522 1590 900 1647 Germanicopolm
937 1589 1147 1646 Plinii,²)
1186 1590 1228 1630 in
1258 1590 1454 1648 Bithynia
1492 1592 1545 1631 ad
1582 1609 1695 1633 mare

280 1667 415 1710 sitam.
474 1669 587 1710 Falli
617 1669 741 1710 illum
771 1681 858 1710 tam
889 1667 991 1718 scio,
1023 1683 1147 1723 quam
1176 1667 1265 1708 scio
1297 1683 1365 1708 me
1396 1667 1548 1710 vivere.
1618 1669 1695 1711 Ca-

282 1756 377 1786 tena
417 1757 532 1787 vetus
573 1745 735 1787 Graeca
773 1746 816 1786 in
856 1745 1082 1799 Evangelia
1121 1745 1264 1786 laudat
1300 1745 1505 1787 Severum
1544 1746 1696 1787 Antio-

284 1823 461 1863 chenum
508 1823 552 1864 in
590 1824 735 1880 Opere.
779 1824 832 1864 ad
872 1824 1084 1865 Thomam
1132 1822 1384 1864 Germaniae
1433 1823 1693 1880 episcopum.

281 1898 392 1940 Hinc
421 1899 571 1956 aliquis
601 1900 828 1958 conjecerit
859 1917 949 1941 eam
991 1916 1078 1941 esse
1109 1900 1441 1951 Germaniciam,
1478 1917 1583 1956 quae
1611 1900 1697 1941 Eu-

281 1975 515 2032 phratesiae
545 1978 643 2018 urbs
675 1989 736 2018 est
766 1976 1157 2033 archiepiscopalis,
1197 1977 1486 2018 Antiochenae
1528 1978 1696 2019 subdita

284 2052 496 2094 ecclesiae.
556 2057 612 2095 At
643 2054 869 2096 Germania
898 2053 1151 2109 metropolis
1183 2065 1264 2105 est,
1304 2054 1698 2111 Constantinopoli-

282 2141 400 2180 tanae
433 2130 631 2173 ecclesiae
670 2133 879 2190 subjecta,
923 2132 1070 2172 ordine
1101 2129 1167 2173 68.
1205 2131 1318 2189 juxta
1357 2132 1696 2188 Dispositionem

283 2207 436 2248 Leonis
457 2207 714 2264 philosophi,
745 2225 851 2265 quae
867 2209 980 2249 Juris
998 2208 1367 2249 Graeco-Romani
1385 2209 1636 2251 collectioni
1652 2212 1695 2268 ³)

283 2285 617 2326 Leunclauianae
647 2286 800 2326 inserta
832 2299 914 2337 est,
955 2298 995 2326 et
1035 2287 1086 2326 ad
1129 2286 1287 2327 calcem
1324 2286 1423 2327 libri
1461 2287 1513 2327 de
1544 2286 1695 2328 officiis

286 2361 713 2418 Constantinopoleos
745 2364 917 2417 Georgii
948 2363 1103 2406 Codini
1143 2375 1203 2404 est
1244 2364 1422 2405 adtexta.
1487 2366 1537 2405 In
1567 2364 1697 2406 altera

287 2455 384 2478 vero
417 2439 662 2492 Palaeologi
691 2440 1005 2498 Dispositione,
1044 2458 1149 2498 quae
1190 2441 1379 2497 priorem
1408 2441 1513 2484 hanc
1543 2441 1696 2498 excipit

403 2681 442 2737 ¹)
476 2682 492 2722 l
525 2682 622 2723 Cor.
653 2684 747 2735 XV,
778 2685 844 2728 32.

399 2751 444 2807 2)
475 2751 561 2794 Cfr.
592 2753 699 2796 Plin.
732 2754 804 2795 lib.
836 2755 885 2795 V.
919 2770 1005 2810 cap.
1037 2755 1103 2799 32.

404 2822 446 2877 ³)
480 2823 564 2865 Csr.
596 2824 670 2865 Jus
703 2824 902 2868 Graecor.
934 2825 1062 2868 Tom.
1095 2826 1126 2867 l.
1158 2826 1228 2868 lib.
1263 2827 1317 2868 IL
