<?xml version="1.0" encoding="UTF-8"?>
<!DOCTYPE html PUBLIC "-//W3C//DTD XHTML 1.0 Transitional//EN"
    "http://www.w3.org/TR/xhtml1/DTD/xhtml1-transitional.dtd">
<html xmlns="http://www.w3.org/1999/xhtml" xml:lang="en" lang="en">
 <head>
  <title>
</title>
<meta http-equiv="Content-Type" content="text/html;charset=utf-8" />
  <meta name='ocr-system' content='tesseract 3.04.00' />
  <meta name='ocr-capabilities' content='ocr_page ocr_carea ocr_par ocr_line ocrx_word'/>
</head>
<body>
  <div class='ocr_page' id='page_1' title='image "./operaomniaquaegr22orig/operaomniaquaegr22orig_0087.png"; bbox 0 0 1759 3125; ppageno 0'>
   <div class='ocr_carea' id='block_1_1' title="bbox 443 115 1454 161">
    <p class='ocr_par' dir='ltr' id='par_1_1' title="bbox 443 115 1454 161">
     <span class='ocr_line' id='line_1_1' title="bbox 443 115 1454 161; baseline -0.012 0"><span class='ocrx_word' id='word_1_1' title='bbox 443 121 829 161; x_wconf 68' lang='lat' dir='ltr'><strong>Omossmanossum</strong></span> <span class='ocrx_word' id='word_1_2' title='bbox 860 115 998 156; x_wconf 67' lang='lat' dir='ltr'><strong>Lmen</strong></span> <span class='ocrx_word' id='word_1_3' title='bbox 1029 115 1061 154; x_wconf 92' lang='lat' dir='ltr'><strong>I.</strong></span> <span class='ocrx_word' id='word_1_4' title='bbox 1402 115 1454 156; x_wconf 82' lang='grc'><strong>75</strong></span> 
     </span>
    </p>
   </div>
   <div class='ocr_carea' id='block_1_2' title="bbox 53 226 1461 750">
    <p class='ocr_par' dir='ltr' id='par_1_2' title="bbox 53 226 1461 750">
     <span class='ocr_line' id='line_1_2' title="bbox 54 226 1456 285; baseline -0.006 -11"><span class='ocrx_word' id='word_1_5' title='bbox 54 246 242 285; x_wconf 83' lang='lat' dir='ltr'><strong>maturgo</strong></span> <span class='ocrx_word' id='word_1_6' title='bbox 281 231 597 280; x_wconf 88' lang='lat' dir='ltr'><strong>Firmilianum,</strong></span> <span class='ocrx_word' id='word_1_7' title='bbox 639 227 863 285; x_wconf 82' lang='lat' dir='ltr'><strong>patricium</strong></span> <span class='ocrx_word' id='word_1_8' title='bbox 902 226 1222 281; x_wconf 81' lang='lat' dir='ltr'>Cappadocem,</span> <span class='ocrx_word' id='word_1_9' title='bbox 1266 226 1456 266; x_wconf 89' lang='lat' dir='ltr'><strong>nondum</strong></span> 
     </span>
     <span class='ocr_line' id='line_1_3' title="bbox 56 302 1460 366; baseline -0.006 -15"><span class='ocrx_word' id='word_1_10' title='bbox 56 311 315 366; x_wconf 82' lang='lat' dir='ltr'><strong>episcopum.</strong></span> <span class='ocrx_word' id='word_1_11' title='bbox 372 307 445 349; x_wconf 88' lang='lat' dir='ltr'><strong>Bis</strong></span> <span class='ocrx_word' id='word_1_12' title='bbox 473 307 613 362; x_wconf 87' lang='lat' dir='ltr'><strong>itaque</strong></span> <span class='ocrx_word' id='word_1_13' title='bbox 645 305 819 359; x_wconf 82' lang='lat' dir='ltr'><strong>Origeni</strong></span> <span class='ocrx_word' id='word_1_14' title='bbox 849 302 1128 344; x_wconf 86' lang='lat' dir='ltr'><strong>erudiendum</strong></span> <span class='ocrx_word' id='word_1_15' title='bbox 1157 318 1245 343; x_wconf 91' lang='lat' dir='ltr'><strong>sese</strong></span> <span class='ocrx_word' id='word_1_16' title='bbox 1275 302 1460 344; x_wconf 84' lang='lat' dir='ltr'><strong>tradide-</strong></span> 
     </span>
     <span class='ocr_line' id='line_1_4' title="bbox 53 378 1457 440; baseline -0.006 -12"><span class='ocrx_word' id='word_1_17' title='bbox 53 387 110 429; x_wconf 88' lang='lat' dir='ltr'><strong>rit</strong></span> <span class='ocrx_word' id='word_1_18' title='bbox 138 385 432 437; x_wconf 86' lang='lat' dir='ltr'><strong>Firmilianus;</strong></span> <span class='ocrx_word' id='word_1_19' title='bbox 469 384 653 440; x_wconf 88' lang='lat' dir='ltr'><strong>primum</strong></span> <span class='ocrx_word' id='word_1_20' title='bbox 684 396 907 438; x_wconf 82' lang='lat' dir='ltr'><strong>antequam</strong></span> <span class='ocrx_word' id='word_1_21' title='bbox 937 378 1162 430; x_wconf 84' lang='lat' dir='ltr'><strong>ecclesiae,</strong></span> <span class='ocrx_word' id='word_1_22' title='bbox 1198 391 1322 436; x_wconf 86' lang='lat' dir='ltr'><strong>atque</strong></span> <span class='ocrx_word' id='word_1_23' title='bbox 1350 380 1457 420; x_wconf 90' lang='lat' dir='ltr'><strong>adeo</strong></span> 
     </span>
     <span class='ocr_line' id='line_1_5' title="bbox 57 456 1457 515; baseline -0.005 -12"><span class='ocrx_word' id='word_1_24' title='bbox 57 463 223 504; x_wconf 82' lang='lat' dir='ltr'><strong>Christo</strong></span> <span class='ocrx_word' id='word_1_25' title='bbox 271 479 427 504; x_wconf 89' lang='lat' dir='ltr'><strong>nomen</strong></span> <span class='ocrx_word' id='word_1_26' title='bbox 476 461 678 513; x_wconf 79' lang='lat' dir='ltr'><strong>dedisset3</strong></span> <span class='ocrx_word' id='word_1_27' title='bbox 726 461 900 508; x_wconf 86' lang='lat' dir='ltr'><strong>iterum,</strong></span> <span class='ocrx_word' id='word_1_28' title='bbox 951 469 1178 515; x_wconf 81' lang='lat' dir='ltr'>postquam</span> <span class='ocrx_word' id='word_1_29' title='bbox 1229 473 1277 497; x_wconf 82' lang='lat' dir='ltr'><strong>ex</strong></span> <span class='ocrx_word' id='word_1_30' title='bbox 1324 456 1457 497; x_wconf 85' lang='lat' dir='ltr'><strong>altero</strong></span> 
     </span>
     <span class='ocr_line' id='line_1_6' title="bbox 55 533 1459 589; baseline -0.005 -8"><span class='ocrx_word' id='word_1_31' title='bbox 55 540 300 582; x_wconf 82' lang='lat' dir='ltr'><strong>Atheniensi</strong></span> <span class='ocrx_word' id='word_1_32' title='bbox 318 541 466 581; x_wconf 87' lang='lat' dir='ltr'><strong>itinere</strong></span> <span class='ocrx_word' id='word_1_33' title='bbox 491 539 734 580; x_wconf 83' lang='lat' dir='ltr'>Caesaream</span> <span class='ocrx_word' id='word_1_34' title='bbox 750 536 955 580; x_wconf 79' lang='lat' dir='ltr'><strong>Stratonis</strong></span> <span class='ocrx_word' id='word_1_35' title='bbox 973 552 1161 576; x_wconf 85' lang='lat' dir='ltr'><strong>reversus</strong></span> <span class='ocrx_word' id='word_1_36' title='bbox 1180 545 1252 576; x_wconf 88' lang='lat' dir='ltr'><strong>est.</strong></span> <span class='ocrx_word' id='word_1_37' title='bbox 1291 535 1400 575; x_wconf 80' lang='lat' dir='ltr'><strong>Rem</strong></span> <span class='ocrx_word' id='word_1_38' title='bbox 1421 533 1459 589; x_wconf 91' lang='lat'><strong>¹)</strong></span> 
     </span>
     <span class='ocr_line' id='line_1_7' title="bbox 57 611 1326 670; baseline -0.006 -12"><span class='ocrx_word' id='word_1_39' title='bbox 57 629 195 657; x_wconf 88' lang='lat' dir='ltr'><strong>autem</strong></span> <span class='ocrx_word' id='word_1_40' title='bbox 224 617 281 658; x_wconf 89' lang='lat' dir='ltr'><strong>ita</strong></span> <span class='ocrx_word' id='word_1_41' title='bbox 308 628 448 658; x_wconf 83' lang='lat' dir='ltr'><strong>narrat</strong></span> <span class='ocrx_word' id='word_1_42' title='bbox 475 616 694 665; x_wconf 86' lang='lat' dir='ltr'><strong>Eusebius,</strong></span> <span class='ocrx_word' id='word_1_43' title='bbox 715 616 756 670; x_wconf 88' lang='lat'><strong>²)</strong></span> <span class='ocrx_word' id='word_1_44' title='bbox 785 626 833 655; x_wconf 90' lang='lat' dir='ltr'><strong>ut</strong></span> <span class='ocrx_word' id='word_1_45' title='bbox 861 630 884 654; x_wconf 91' lang='lat' dir='ltr'><strong>a</strong></span> <span class='ocrx_word' id='word_1_46' title='bbox 912 625 1064 654; x_wconf 90' lang='lat' dir='ltr'><strong>neutro</strong></span> <span class='ocrx_word' id='word_1_47' title='bbox 1100 611 1326 653; x_wconf 78' lang='lat' dir='ltr'><strong>dissentiat.</strong></span> 
     </span>
     <span class='ocr_line' id='line_1_8' title="bbox 167 688 1461 750; baseline -0.006 -14"><span class='ocrx_word' id='word_1_48' title='bbox 167 696 285 738; x_wconf 87' lang='lat' dir='ltr'><strong>VIII.</strong></span> <span class='ocrx_word' id='word_1_49' title='bbox 342 694 595 737; x_wconf 89' lang='lat' dir='ltr'><strong>Eruditione</strong></span> <span class='ocrx_word' id='word_1_50' title='bbox 616 693 656 750; x_wconf 85' lang='grc'><strong>3)</strong></span> <span class='ocrx_word' id='word_1_51' title='bbox 709 709 786 748; x_wconf 88' lang='lat' dir='ltr'><strong>per</strong></span> <span class='ocrx_word' id='word_1_52' title='bbox 832 692 947 732; x_wconf 86' lang='lat' dir='ltr'><strong>idem</strong></span> <span class='ocrx_word' id='word_1_53' title='bbox 997 702 1164 746; x_wconf 87' lang='lat' dir='ltr'><strong>tempus</strong></span> <span class='ocrx_word' id='word_1_54' title='bbox 1209 700 1250 730; x_wconf 89' lang='lat' dir='ltr'><strong>et</strong></span> <span class='ocrx_word' id='word_1_55' title='bbox 1292 688 1461 741; x_wconf 86' lang='lat' dir='ltr'><strong>ingenio</strong></span> 
     </span>
    </p>
   </div>
   <div class='ocr_carea' id='block_1_3' title="bbox 57 764 1462 829">
    <p class='ocr_par' dir='ltr' id='par_1_3' title="bbox 57 764 1462 829">
     <span class='ocr_line' id='line_1_9' title="bbox 57 764 1462 829; baseline -0.005 -17"><span class='ocrx_word' id='word_1_56' title='bbox 57 773 210 814; x_wconf 85' lang='lat' dir='ltr'><strong>florens</strong></span> <span class='ocrx_word' id='word_1_57' title='bbox 256 772 450 829; x_wconf 82' lang='lat' dir='ltr'><strong>Beryllus</strong></span> <span class='ocrx_word' id='word_1_58' title='bbox 472 771 515 828; x_wconf 71' lang='lat'><strong>4)</strong></span> <span class='ocrx_word' id='word_1_59' title='bbox 560 771 865 811; x_wconf 87' lang='lat' dir='ltr'><strong>Bostrenorum</strong></span> <span class='ocrx_word' id='word_1_60' title='bbox 912 768 1136 824; x_wconf 87' lang='lat' dir='ltr'><strong>episcopus</strong></span> <span class='ocrx_word' id='word_1_61' title='bbox 1188 766 1230 807; x_wconf 91' lang='lat' dir='ltr'><strong>in</strong></span> <span class='ocrx_word' id='word_1_62' title='bbox 1275 764 1462 807; x_wconf 80' lang='lat' dir='ltr'><strong>haeresin</strong></span> 
     </span>
    </p>
   </div>
   <div class='ocr_carea' id='block_1_4' title="bbox 60 942 1472 1567">
    <p class='ocr_par' dir='ltr' id='par_1_4' title="bbox 60 942 1472 1567">
     <span class='ocr_line' id='line_1_10' title="bbox 177 942 1464 1002; baseline -0.005 -15"><span class='ocrx_word' id='word_1_63' title='bbox 177 947 216 1002; x_wconf 87' lang='lat'><strong>¹)</strong></span> <span class='ocrx_word' id='word_1_64' title='bbox 247 946 508 999; x_wconf 70' lang='lat' dir='ltr'><strong>Hieronymo</strong></span> <span class='ocrx_word' id='word_1_65' title='bbox 540 945 711 1001; x_wconf 87' lang='lat' dir='ltr'><strong>quidem</strong></span> <span class='ocrx_word' id='word_1_66' title='bbox 743 944 953 985; x_wconf 81' lang='lat' dir='ltr'><strong>consentit</strong></span> <span class='ocrx_word' id='word_1_67' title='bbox 966 942 1195 993; x_wconf 88' lang='lat' dir='ltr'><strong>Eusebius;</strong></span> <span class='ocrx_word' id='word_1_68' title='bbox 1225 942 1299 982; x_wconf 87' lang='lat' dir='ltr'><strong>sed</strong></span> <span class='ocrx_word' id='word_1_69' title='bbox 1328 957 1464 997; x_wconf 89' lang='lat' dir='ltr'><strong>neque</strong></span> 
     </span>
     <span class='ocr_line' id='line_1_11' title="bbox 60 998 1466 1058; baseline -0.004 -15"><span class='ocrx_word' id='word_1_70' title='bbox 60 1003 140 1053; x_wconf 87' lang='lat' dir='ltr'><strong>hic,</strong></span> <span class='ocrx_word' id='word_1_71' title='bbox 169 1019 304 1058; x_wconf 90' lang='lat' dir='ltr'><strong>neque</strong></span> <span class='ocrx_word' id='word_1_72' title='bbox 341 1003 504 1058; x_wconf 80' lang='lat' dir='ltr'><strong>uspiam</strong></span> <span class='ocrx_word' id='word_1_73' title='bbox 541 1002 678 1043; x_wconf 87' lang='lat' dir='ltr'><strong>innuit</strong></span> <span class='ocrx_word' id='word_1_74' title='bbox 714 1000 1010 1042; x_wconf 84' lang='lat' dir='ltr'><strong>Firmilianum</strong></span> <span class='ocrx_word' id='word_1_75' title='bbox 1047 999 1162 1055; x_wconf 87' lang='lat' dir='ltr'><strong>prius</strong></span> <span class='ocrx_word' id='word_1_76' title='bbox 1201 999 1327 1040; x_wconf 83' lang='lat' dir='ltr'><strong>fuisse</strong></span> <span class='ocrx_word' id='word_1_77' title='bbox 1367 998 1466 1040; x_wconf 84' lang='lat' dir='ltr'><strong>Ori-</strong></span> 
     </span>
     <span class='ocr_line' id='line_1_12' title="bbox 61 1055 1466 1115; baseline -0.004 -15"><span class='ocrx_word' id='word_1_78' title='bbox 61 1059 173 1112; x_wconf 88' lang='lat' dir='ltr'><strong>genis</strong></span> <span class='ocrx_word' id='word_1_79' title='bbox 204 1060 479 1115; x_wconf 85' lang='lat' dir='ltr'><strong>discipulum,</strong></span> <span class='ocrx_word' id='word_1_80' title='bbox 521 1075 568 1099; x_wconf 90' lang='lat' dir='ltr'><strong>ac</strong></span> <span class='ocrx_word' id='word_1_81' title='bbox 607 1058 787 1115; x_wconf 85' lang='lat' dir='ltr'><strong>proinde</strong></span> <span class='ocrx_word' id='word_1_82' title='bbox 825 1074 847 1098; x_wconf 83' lang='lat' dir='ltr'><strong>a</strong></span> <span class='ocrx_word' id='word_1_83' title='bbox 877 1059 1064 1115; x_wconf 70' lang='lat' dir='ltr'><strong>Nysseno</strong></span> <span class='ocrx_word' id='word_1_84' title='bbox 1102 1056 1319 1096; x_wconf 83' lang='lat' dir='ltr'><strong>dissentire</strong></span> <span class='ocrx_word' id='word_1_85' title='bbox 1350 1055 1466 1096; x_wconf 72' lang='lat' dir='ltr'><strong>vide-</strong></span> 
     </span>
     <span class='ocr_line' id='line_1_13' title="bbox 60 1110 1467 1173; baseline -0.003 -17"><span class='ocrx_word' id='word_1_86' title='bbox 60 1127 141 1157; x_wconf 88' lang='lat' dir='ltr'><strong>tur.</strong></span> <span class='ocrx_word' id='word_1_87' title='bbox 198 1116 367 1157; x_wconf 86' lang='lat' dir='ltr'><strong>Deinde</strong></span> <span class='ocrx_word' id='word_1_88' title='bbox 396 1117 578 1156; x_wconf 89' lang='lat' dir='ltr'><strong>multum</strong></span> <span class='ocrx_word' id='word_1_89' title='bbox 606 1118 794 1173; x_wconf 67' lang='lat' dir='ltr'><strong>Nysseno</strong></span> <span class='ocrx_word' id='word_1_90' title='bbox 834 1125 961 1154; x_wconf 85' lang='lat' dir='ltr'><strong>nocet</strong></span> <span class='ocrx_word' id='word_1_91' title='bbox 998 1112 1194 1164; x_wconf 86' lang='lat' dir='ltr'><strong>Gregorii</strong></span> <span class='ocrx_word' id='word_1_92' title='bbox 1231 1110 1360 1167; x_wconf 87' lang='lat' dir='ltr'><strong>ipsius</strong></span> <span class='ocrx_word' id='word_1_93' title='bbox 1389 1112 1467 1152; x_wconf 84' lang='lat' dir='ltr'><strong>hac</strong></span> 
     </span>
     <span class='ocr_line' id='line_1_14' title="bbox 63 1168 1468 1228; baseline -0.004 -15"><span class='ocrx_word' id='word_1_94' title='bbox 63 1173 114 1213; x_wconf 86' lang='lat' dir='ltr'><strong>de</strong></span> <span class='ocrx_word' id='word_1_95' title='bbox 143 1190 188 1214; x_wconf 87' lang='lat' dir='ltr'><strong>re</strong></span> <span class='ocrx_word' id='word_1_96' title='bbox 217 1173 453 1224; x_wconf 81' lang='lat' dir='ltr'><strong>silentium3</strong></span> <span class='ocrx_word' id='word_1_97' title='bbox 493 1184 534 1213; x_wconf 89' lang='lat' dir='ltr'><strong>et</strong></span> <span class='ocrx_word' id='word_1_98' title='bbox 564 1173 680 1228; x_wconf 91' lang='lat' dir='ltr'><strong>quod</strong></span> <span class='ocrx_word' id='word_1_99' title='bbox 711 1171 768 1211; x_wconf 87' lang='lat' dir='ltr'><strong>ait</strong></span> <span class='ocrx_word' id='word_1_100' title='bbox 797 1172 1025 1228; x_wconf 75' lang='lat' dir='ltr'><strong>Nyssenus,</strong></span> <span class='ocrx_word' id='word_1_101' title='bbox 1055 1168 1352 1210; x_wconf 77' lang='lat' dir='ltr'><strong>Firmilianum</strong></span> <span class='ocrx_word' id='word_1_102' title='bbox 1385 1184 1468 1208; x_wconf 85' lang='lat' dir='ltr'><strong>una</strong></span> 
     </span>
     <span class='ocr_line' id='line_1_15' title="bbox 63 1224 1470 1281; baseline -0.004 -12"><span class='ocrx_word' id='word_1_103' title='bbox 63 1245 157 1269; x_wconf 89' lang='lat' dir='ltr'><strong>cum</strong></span> <span class='ocrx_word' id='word_1_104' title='bbox 197 1229 402 1281; x_wconf 81' lang='lat' dir='ltr'><strong>Gregorio</strong></span> <span class='ocrx_word' id='word_1_105' title='bbox 443 1229 718 1270; x_wconf 82' lang='lat' dir='ltr'><strong>Alexandriae</strong></span> <span class='ocrx_word' id='word_1_106' title='bbox 761 1229 803 1268; x_wconf 90' lang='lat' dir='ltr'><strong>in</strong></span> <span class='ocrx_word' id='word_1_107' title='bbox 845 1227 1038 1279; x_wconf 80' lang='lat' dir='ltr'><strong>Origenis</strong></span> <span class='ocrx_word' id='word_1_108' title='bbox 1087 1225 1245 1266; x_wconf 84' lang='lat' dir='ltr'><strong>venisse</strong></span> <span class='ocrx_word' id='word_1_109' title='bbox 1284 1224 1470 1279; x_wconf 86' lang='lat' dir='ltr'><strong>discipli-</strong></span> 
     </span>
     <span class='ocr_line' id='line_1_16' title="bbox 64 1281 1467 1340; baseline -0.004 -14"><span class='ocrx_word' id='word_1_110' title='bbox 64 1301 172 1335; x_wconf 85' lang='lat' dir='ltr'><strong>nam,</strong></span> <span class='ocrx_word' id='word_1_111' title='bbox 203 1302 224 1326; x_wconf 88' lang='lat' dir='ltr'><strong>a</strong></span> <span class='ocrx_word' id='word_1_112' title='bbox 255 1287 565 1338; x_wconf 84' lang='lat' dir='ltr'><strong>Thaumaturgo</strong></span> <span class='ocrx_word' id='word_1_113' title='bbox 597 1286 688 1340; x_wconf 89' lang='lat' dir='ltr'><strong>ipso</strong></span> <span class='ocrx_word' id='word_1_114' title='bbox 720 1284 942 1332; x_wconf 83' lang='lat' dir='ltr'><strong>refellitur,</strong></span> <span class='ocrx_word' id='word_1_115' title='bbox 975 1282 1046 1339; x_wconf 89' lang='lat' dir='ltr'><strong>qui</strong></span> <span class='ocrx_word' id='word_1_116' title='bbox 1075 1283 1204 1322; x_wconf 86' lang='lat' dir='ltr'><strong>refert</strong></span> <span class='ocrx_word' id='word_1_117' title='bbox 1234 1298 1276 1322; x_wconf 86' lang='lat' dir='ltr'><strong>se</strong></span> <span class='ocrx_word' id='word_1_118' title='bbox 1308 1281 1467 1339; x_wconf 65' lang='lat' dir='ltr'><strong>Beryto</strong></span> 
     </span>
     <span class='ocr_line' id='line_1_17' title="bbox 64 1338 1468 1396; baseline -0.004 -14"><span class='ocrx_word' id='word_1_119' title='bbox 64 1342 297 1396; x_wconf 87' lang='lat' dir='ltr'><strong>praeterita,</strong></span> <span class='ocrx_word' id='word_1_120' title='bbox 327 1355 440 1383; x_wconf 85' lang='lat' dir='ltr'><strong>recta</strong></span> <span class='ocrx_word' id='word_1_121' title='bbox 470 1343 629 1383; x_wconf 78' lang='lat' dir='ltr'><strong>venisse</strong></span> <span class='ocrx_word' id='word_1_122' title='bbox 649 1342 909 1387; x_wconf 74' lang='lat' dir='ltr'><strong>Caesaream,</strong></span> <span class='ocrx_word' id='word_1_123' title='bbox 942 1339 1015 1379; x_wconf 86' lang='lat' dir='ltr'><strong>ubi</strong></span> <span class='ocrx_word' id='word_1_124' title='bbox 1046 1339 1089 1379; x_wconf 88' lang='lat' dir='ltr'><strong>in</strong></span> <span class='ocrx_word' id='word_1_125' title='bbox 1109 1338 1337 1390; x_wconf 84' lang='lat' dir='ltr'><strong>Origenem</strong></span> <span class='ocrx_word' id='word_1_126' title='bbox 1366 1338 1468 1378; x_wconf 88' lang='lat' dir='ltr'><strong>inci-</strong></span> 
     </span>
     <span class='ocr_line' id='line_1_18' title="bbox 65 1394 1472 1454; baseline -0.004 -16"><span class='ocrx_word' id='word_1_127' title='bbox 65 1400 137 1448; x_wconf 87' lang='lat' dir='ltr'><strong>dit,</strong></span> <span class='ocrx_word' id='word_1_128' title='bbox 169 1410 211 1439; x_wconf 89' lang='lat' dir='ltr'><strong>et</strong></span> <span class='ocrx_word' id='word_1_129' title='bbox 238 1400 312 1439; x_wconf 88' lang='lat' dir='ltr'><strong>ubi</strong></span> <span class='ocrx_word' id='word_1_130' title='bbox 351 1411 448 1454; x_wconf 89' lang='lat' dir='ltr'><strong>post</strong></span> <span class='ocrx_word' id='word_1_131' title='bbox 475 1400 708 1440; x_wconf 87' lang='lat' dir='ltr'><strong>multorum</strong></span> <span class='ocrx_word' id='word_1_132' title='bbox 748 1413 952 1438; x_wconf 88' lang='lat' dir='ltr'><strong>annorum</strong></span> <span class='ocrx_word' id='word_1_133' title='bbox 990 1397 1100 1451; x_wconf 87' lang='lat' dir='ltr'><strong>apud</strong></span> <span class='ocrx_word' id='word_1_134' title='bbox 1130 1395 1254 1435; x_wconf 89' lang='lat' dir='ltr'><strong>illum</strong></span> <span class='ocrx_word' id='word_1_135' title='bbox 1286 1394 1472 1448; x_wconf 88' lang='lat' dir='ltr'><strong>discipli-</strong></span> 
     </span>
     <span class='ocr_line' id='line_1_19' title="bbox 63 1451 1469 1514; baseline -0.003 -20"><span class='ocrx_word' id='word_1_136' title='bbox 63 1471 171 1505; x_wconf 88' lang='lat' dir='ltr'><strong>nam,</strong></span> <span class='ocrx_word' id='word_1_137' title='bbox 201 1456 490 1514; x_wconf 74' lang='lat' dir='ltr'><strong>panegyricam</strong></span> <span class='ocrx_word' id='word_1_138' title='bbox 521 1456 757 1496; x_wconf 87' lang='lat' dir='ltr'><strong>orationem</strong></span> <span class='ocrx_word' id='word_1_139' title='bbox 788 1453 831 1494; x_wconf 89' lang='lat' dir='ltr'><strong>in</strong></span> <span class='ocrx_word' id='word_1_140' title='bbox 864 1453 950 1511; x_wconf 84' lang='lat' dir='ltr'><strong>ejus</strong></span> <span class='ocrx_word' id='word_1_141' title='bbox 986 1452 1154 1493; x_wconf 79' lang='lat' dir='ltr'><strong>laudem</strong></span> <span class='ocrx_word' id='word_1_142' title='bbox 1186 1451 1344 1502; x_wconf 83' lang='lat' dir='ltr'><strong>habuit,</strong></span> <span class='ocrx_word' id='word_1_143' title='bbox 1374 1467 1469 1491; x_wconf 88' lang='lat' dir='ltr'><strong>curu</strong></span> 
     </span>
     <span class='ocr_line' id='line_1_20' title="bbox 64 1511 809 1567; baseline -0.003 -14"><span class='ocrx_word' id='word_1_144' title='bbox 64 1511 105 1552; x_wconf 88' lang='lat' dir='ltr'><strong>in</strong></span> <span class='ocrx_word' id='word_1_145' title='bbox 135 1513 310 1567; x_wconf 85' lang='lat' dir='ltr'><strong>patriam</strong></span> <span class='ocrx_word' id='word_1_146' title='bbox 340 1512 521 1552; x_wconf 88' lang='lat' dir='ltr'><strong>reditum</strong></span> <span class='ocrx_word' id='word_1_147' title='bbox 551 1523 727 1566; x_wconf 86' lang='lat' dir='ltr'><strong>pararet.</strong></span> <span class='ocrx_word' id='word_1_148' title='bbox 758 1511 809 1551; x_wconf 86' lang='lat' dir='ltr'><strong>R.</strong></span> 
     </span>
    </p>
   </div>
   <div class='ocr_carea' id='block_1_5' title="bbox 179 1577 1476 1778">
    <p class='ocr_par' dir='ltr' id='par_1_5' title="bbox 179 1577 1476 1778">
     <span class='ocr_line' id='line_1_21' title="bbox 179 1577 1445 1638; baseline -0.002 -15"><span class='ocrx_word' id='word_1_149' title='bbox 179 1583 222 1638; x_wconf 76' lang='grc'><strong>2)</strong></span> <span class='ocrx_word' id='word_1_150' title='bbox 254 1583 340 1624; x_wconf 86' lang='lat' dir='ltr'><strong>Cfr.</strong></span> <span class='ocrx_word' id='word_1_151' title='bbox 370 1583 523 1623; x_wconf 84' lang='lat' dir='ltr'><strong>Euseb.</strong></span> <span class='ocrx_word' id='word_1_152' title='bbox 554 1582 661 1622; x_wconf 83' lang='lat' dir='ltr'><strong>Hist.</strong></span> <span class='ocrx_word' id='word_1_153' title='bbox 696 1581 840 1621; x_wconf 87' lang='lat' dir='ltr'><strong>eccles.</strong></span> <span class='ocrx_word' id='word_1_154' title='bbox 874 1580 946 1621; x_wconf 88' lang='lat' dir='ltr'><strong>lib.</strong></span> <span class='ocrx_word' id='word_1_155' title='bbox 979 1579 1050 1620; x_wconf 80' lang='lat' dir='ltr'><strong>VI.</strong></span> <span class='ocrx_word' id='word_1_156' title='bbox 1084 1593 1171 1633; x_wconf 83' lang='lat' dir='ltr'><strong>cap.</strong></span> <span class='ocrx_word' id='word_1_157' title='bbox 1202 1577 1270 1620; x_wconf 74' lang='lat'><strong>26.</strong></span> <span class='ocrx_word' id='word_1_158' title='bbox 1306 1589 1346 1618; x_wconf 85' lang='lat' dir='ltr'><strong>et</strong></span> <span class='ocrx_word' id='word_1_159' title='bbox 1375 1577 1445 1622; x_wconf 79' lang='lat'><strong>27.</strong></span> 
     </span>
     <span class='ocr_line' id='line_1_22' title="bbox 180 1647 1446 1709; baseline -0.003 -16"><span class='ocrx_word' id='word_1_160' title='bbox 180 1654 222 1709; x_wconf 82' lang='lat'><strong>3)</strong></span> <span class='ocrx_word' id='word_1_161' title='bbox 257 1653 341 1694; x_wconf 88' lang='lat' dir='ltr'><strong>Cfr.</strong></span> <span class='ocrx_word' id='word_1_162' title='bbox 372 1652 528 1694; x_wconf 86' lang='lat' dir='ltr'><strong>Euseb.</strong></span> <span class='ocrx_word' id='word_1_163' title='bbox 558 1652 666 1693; x_wconf 89' lang='lat' dir='ltr'><strong>Hist.</strong></span> <span class='ocrx_word' id='word_1_164' title='bbox 699 1653 844 1692; x_wconf 88' lang='lat' dir='ltr'><strong>eccles.</strong></span> <span class='ocrx_word' id='word_1_165' title='bbox 878 1650 950 1691; x_wconf 89' lang='lat' dir='ltr'><strong>lib.</strong></span> <span class='ocrx_word' id='word_1_166' title='bbox 984 1650 1057 1692; x_wconf 87' lang='lat' dir='ltr'><strong>VI.</strong></span> <span class='ocrx_word' id='word_1_167' title='bbox 1091 1664 1178 1703; x_wconf 89' lang='lat' dir='ltr'><strong>cap.</strong></span> <span class='ocrx_word' id='word_1_168' title='bbox 1208 1647 1275 1691; x_wconf 76' lang='lat'><strong>20.</strong></span> <span class='ocrx_word' id='word_1_169' title='bbox 1309 1659 1350 1688; x_wconf 89' lang='lat' dir='ltr'><strong>et</strong></span> <span class='ocrx_word' id='word_1_170' title='bbox 1379 1647 1446 1692; x_wconf 83' lang='grc'><strong>33.</strong></span> 
     </span>
     <span class='ocr_line' id='line_1_23' title="bbox 182 1717 1476 1778; baseline -0.003 -14"><span class='ocrx_word' id='word_1_171' title='bbox 182 1721 223 1778; x_wconf 72' lang='lat'><strong>⁴)</strong></span> <span class='ocrx_word' id='word_1_172' title='bbox 253 1722 426 1764; x_wconf 82' lang='lat' dir='ltr'><strong>Eusebii</strong></span> <span class='ocrx_word' id='word_1_173' title='bbox 475 1722 602 1778; x_wconf 84' lang='lat' dir='ltr'><strong>(Hist.</strong></span> <span class='ocrx_word' id='word_1_174' title='bbox 650 1724 795 1764; x_wconf 81' lang='lat' dir='ltr'><strong>eccles.</strong></span> <span class='ocrx_word' id='word_1_175' title='bbox 842 1721 915 1763; x_wconf 89' lang='lat' dir='ltr'><strong>lib.</strong></span> <span class='ocrx_word' id='word_1_176' title='bbox 956 1721 1029 1762; x_wconf 83' lang='lat' dir='ltr'><strong>Vl.</strong></span> <span class='ocrx_word' id='word_1_177' title='bbox 1078 1735 1166 1775; x_wconf 90' lang='lat' dir='ltr'><strong>cap.</strong></span> <span class='ocrx_word' id='word_1_178' title='bbox 1209 1717 1298 1774; x_wconf 85' lang='lat'><strong>33.)</strong></span> <span class='ocrx_word' id='word_1_179' title='bbox 1349 1719 1476 1760; x_wconf 80' lang='lat' dir='ltr'><strong>verba</strong></span> 
     </span>
    </p>
   </div>
   <div class='ocr_carea' id='block_1_6' title="bbox 68 1787 1488 2906">
    <p class='ocr_par' dir='ltr' id='par_1_6' title="bbox 68 1787 1488 2906">
     <span class='ocr_line' id='line_1_24' title="bbox 68 1787 1476 1850; baseline -0.004 -15"><span class='ocrx_word' id='word_1_180' title='bbox 68 1806 181 1835; x_wconf 87' lang='lat' dir='ltr'><strong>sunt:</strong></span> <span class='ocrx_word' id='word_1_181' title='bbox 234 1794 326 1837; x_wconf 81' lang='grc' dir='ltr'><strong>Τὸν</strong></span> <span class='ocrx_word' id='word_1_182' title='bbox 365 1793 732 1848; x_wconf 76' lang='grc' dir='ltr'><strong><em>ἐκκλησιαστικὸν</em></strong></span> <span class='ocrx_word' id='word_1_183' title='bbox 768 1795 1092 1850; x_wconf 74' lang='grc' dir='ltr'><strong><em>παρεκτρέπων</em></strong></span> <span class='ocrx_word' id='word_1_184' title='bbox 1131 1787 1329 1843; x_wconf 82' lang='grc' dir='ltr'><strong><em>κανόνα,</em></strong></span> <span class='ocrx_word' id='word_1_185' title='bbox 1369 1791 1476 1838; x_wconf 79' lang='grc' dir='ltr'><strong><em>ξένα</em></strong></span> 
     </span>
     <span class='ocr_line' id='line_1_25' title="bbox 69 1857 1476 1921; baseline -0.005 -14"><span class='ocrx_word' id='word_1_186' title='bbox 69 1863 167 1907; x_wconf 80' lang='grc' dir='ltr'><strong><em>τινὰ</em></strong></span> <span class='ocrx_word' id='word_1_187' title='bbox 198 1867 274 1918; x_wconf 85' lang='grc' dir='ltr'><strong>τῆς</strong></span> <span class='ocrx_word' id='word_1_188' title='bbox 311 1868 501 1914; x_wconf 78' lang='grc' dir='ltr'><strong><em>πίστεως</em></strong></span> <span class='ocrx_word' id='word_1_189' title='bbox 539 1867 862 1921; x_wconf 59' lang='grc' dir='ltr'><strong><em>παρεισφέρειν</em></strong></span> <span class='ocrx_word' id='word_1_190' title='bbox 900 1864 1132 1919; x_wconf 75' lang='grc' dir='ltr'><strong><em>ἐπειρᾶτο,</em></strong></span> <span class='ocrx_word' id='word_1_191' title='bbox 1176 1857 1255 1902; x_wconf 79' lang='grc' dir='ltr'><strong>τὸν</strong></span> <span class='ocrx_word' id='word_1_192' title='bbox 1296 1861 1476 1916; x_wconf 76' lang='grc' dir='ltr'><strong><em>σωτῆρα</em></strong></span> 
     </span>
     <span class='ocr_line' id='line_1_26' title="bbox 69 1928 1478 1992; baseline -0.004 -14"><span class='ocrx_word' id='word_1_193' title='bbox 69 1938 145 1978; x_wconf 83' lang='grc' dir='ltr'><strong><em>καὶ</em></strong></span> <span class='ocrx_word' id='word_1_194' title='bbox 189 1932 346 1991; x_wconf 79' lang='grc' dir='ltr'><strong><em>κύριον</em></strong></span> <span class='ocrx_word' id='word_1_195' title='bbox 397 1933 530 1992; x_wconf 77' lang='grc' dir='ltr'><strong>ἡμῶν</strong></span> <span class='ocrx_word' id='word_1_196' title='bbox 580 1937 731 1990; x_wconf 78' lang='grc' dir='ltr'><strong><em>λέγειν</em></strong></span> <span class='ocrx_word' id='word_1_197' title='bbox 775 1936 958 1990; x_wconf 74' lang='grc' dir='ltr'><strong><em>τολμῶν</em></strong></span> <span class='ocrx_word' id='word_1_198' title='bbox 1008 1931 1072 1990; x_wconf 84' lang='grc' dir='ltr'><strong>μὴ</strong></span> <span class='ocrx_word' id='word_1_199' title='bbox 1128 1928 1478 1988; x_wconf 68' lang='grc' dir='ltr'><strong><em>προϋφεστάναι</em></strong></span> 
     </span>
     <span class='ocr_line' id='line_1_27' title="bbox 68 1998 1480 2064; baseline -0.004 -16"><span class='ocrx_word' id='word_1_200' title='bbox 68 2006 158 2048; x_wconf 83' lang='grc' dir='ltr'><strong><em>κατ’</em></strong></span> <span class='ocrx_word' id='word_1_201' title='bbox 190 2007 316 2049; x_wconf 76' lang='grc' dir='ltr'><strong><em>ἰδίαν</em></strong></span> <span class='ocrx_word' id='word_1_202' title='bbox 346 2005 500 2055; x_wconf 83' lang='grc' dir='ltr'><strong><em>οὐσίας</em></strong></span> <span class='ocrx_word' id='word_1_203' title='bbox 529 2003 844 2064; x_wconf 63' lang='grc' dir='ltr'><strong><em>περιγραφὴν,</em></strong></span> <span class='ocrx_word' id='word_1_204' title='bbox 890 2002 978 2060; x_wconf 77' lang='grc' dir='ltr'><strong>πρὸ</strong></span> <span class='ocrx_word' id='word_1_205' title='bbox 1010 2005 1086 2055; x_wconf 80' lang='grc' dir='ltr'><strong>τῆς</strong></span> <span class='ocrx_word' id='word_1_206' title='bbox 1114 2002 1175 2050; x_wconf 77' lang='grc' dir='ltr'><strong>εἰς</strong></span> <span class='ocrx_word' id='word_1_207' title='bbox 1206 1998 1480 2058; x_wconf 78' lang='grc' dir='ltr'><strong><em>ἀνθρώπους</em></strong></span> 
     </span>
     <span class='ocr_line' id='line_1_28' title="bbox 70 2069 1479 2134; baseline -0.009 -11"><span class='ocrx_word' id='word_1_208' title='bbox 70 2081 323 2134; x_wconf 76' lang='grc' dir='ltr'><strong><em>ἐπιδημίας,</em></strong></span> <span class='ocrx_word' id='word_1_209' title='bbox 355 2077 469 2134; x_wconf 75' lang='grc' dir='ltr'><strong><em>μηδὲ</em></strong></span> <span class='ocrx_word' id='word_1_210' title='bbox 500 2073 593 2131; x_wconf 85' lang='grc' dir='ltr'><strong>μὴν</strong></span> <span class='ocrx_word' id='word_1_211' title='bbox 622 2073 812 2128; x_wconf 52' lang='lat' dir='ltr'><strong>Sedima</strong></span> <span class='ocrx_word' id='word_1_212' title='bbox 843 2075 968 2117; x_wconf 78' lang='grc' dir='ltr'><strong><em>ἰδίαν</em></strong></span> <span class='ocrx_word' id='word_1_213' title='bbox 999 2073 1132 2128; x_wconf 72' lang='grc' dir='ltr'><strong><em>ἔχειν,</em></strong></span> <span class='ocrx_word' id='word_1_214' title='bbox 1168 2069 1258 2114; x_wconf 79' lang='grc' dir='ltr'><strong>ἀλλ’</strong></span> <span class='ocrx_word' id='word_1_215' title='bbox 1284 2071 1479 2128; x_wconf 72' lang='grc' dir='ltr'><strong><em>ἐμπολι-</em></strong></span> 
     </span>
     <span class='ocr_line' id='line_1_29' title="bbox 70 2135 1480 2207; baseline -0.008 -13"><span class='ocrx_word' id='word_1_216' title='bbox 70 2135 314 2207; x_wconf 68' lang='grc' dir='ltr'><strong><em>τευομένην</em></strong></span> <span class='ocrx_word' id='word_1_217' title='bbox 351 2147 467 2204; x_wconf 73' lang='grc' dir='ltr'><strong><em>αὐτῷ</em></strong></span> <span class='ocrx_word' id='word_1_218' title='bbox 514 2146 664 2201; x_wconf 83' lang='grc' dir='ltr'><strong><em>μόνην</em></strong></span> <span class='ocrx_word' id='word_1_219' title='bbox 710 2144 792 2200; x_wconf 83' lang='grc' dir='ltr'><strong>τὴν</strong></span> <span class='ocrx_word' id='word_1_220' title='bbox 839 2141 1076 2200; x_wconf 74' lang='grc' dir='ltr'><strong><em>πατρικήν.</em></strong></span> <span class='ocrx_word' id='word_1_221' title='bbox 1145 2140 1312 2190; x_wconf 82' lang='grc' dir='ltr'><strong><em>Οὐσίας</em></strong></span> <span class='ocrx_word' id='word_1_222' title='bbox 1349 2157 1480 2198; x_wconf 76' lang='grc' dir='ltr'><strong><em>περι-</em></strong></span> 
     </span>
     <span class='ocr_line' id='line_1_30' title="bbox 72 2212 1480 2278; baseline -0.008 -16"><span class='ocrx_word' id='word_1_223' title='bbox 72 2218 227 2278; x_wconf 59' lang='grc' dir='ltr'><strong><em>γραφή</em></strong></span> <span class='ocrx_word' id='word_1_224' title='bbox 257 2219 364 2260; x_wconf 86' lang='lat' dir='ltr'><strong>nihil</strong></span> <span class='ocrx_word' id='word_1_225' title='bbox 394 2218 507 2259; x_wconf 88' lang='lat' dir='ltr'><strong>aliud</strong></span> <span class='ocrx_word' id='word_1_226' title='bbox 541 2229 614 2267; x_wconf 91' lang='lat' dir='ltr'><strong>est,</strong></span> <span class='ocrx_word' id='word_1_227' title='bbox 645 2233 770 2273; x_wconf 86' lang='lat' dir='ltr'><strong>quam</strong></span> <span class='ocrx_word' id='word_1_228' title='bbox 800 2216 1052 2257; x_wconf 86' lang='lat' dir='ltr'><strong>substantiae</strong></span> <span class='ocrx_word' id='word_1_229' title='bbox 1085 2212 1337 2254; x_wconf 80' lang='lat' dir='ltr'><strong>differentia.</strong></span> <span class='ocrx_word' id='word_1_230' title='bbox 1383 2213 1480 2253; x_wconf 78' lang='lat' dir='ltr'><strong>Non</strong></span> 
     </span>
     <span class='ocr_line' id='line_1_31' title="bbox 74 2281 1483 2346; baseline -0.006 -14"><span class='ocrx_word' id='word_1_231' title='bbox 74 2293 236 2333; x_wconf 87' lang='lat' dir='ltr'><strong>errabat</strong></span> <span class='ocrx_word' id='word_1_232' title='bbox 263 2289 389 2342; x_wconf 84' lang='lat' dir='ltr'><strong>igitur</strong></span> <span class='ocrx_word' id='word_1_233' title='bbox 416 2287 624 2346; x_wconf 74' lang='lat' dir='ltr'><strong>BerylluS,</strong></span> <span class='ocrx_word' id='word_1_234' title='bbox 656 2304 751 2328; x_wconf 89' lang='lat' dir='ltr'><strong>cum</strong></span> <span class='ocrx_word' id='word_1_235' title='bbox 783 2285 997 2327; x_wconf 84' lang='lat' dir='ltr'><strong>Christum</strong></span> <span class='ocrx_word' id='word_1_236' title='bbox 1026 2295 1121 2324; x_wconf 88' lang='lat' dir='ltr'><strong>ante</strong></span> <span class='ocrx_word' id='word_1_237' title='bbox 1151 2281 1483 2324; x_wconf 80' lang='lat' dir='ltr'><strong>incarnationem</strong></span> 
     </span>
     <span class='ocr_line' id='line_1_32' title="bbox 75 2352 1484 2405; baseline -0.009 -1"><span class='ocrx_word' id='word_1_238' title='bbox 75 2381 158 2405; x_wconf 89' lang='lat' dir='ltr'><strong>non</strong></span> <span class='ocrx_word' id='word_1_239' title='bbox 188 2359 417 2404; x_wconf 85' lang='lat' dir='ltr'><strong>substitisse</strong></span> <span class='ocrx_word' id='word_1_240' title='bbox 447 2359 678 2399; x_wconf 89' lang='lat' dir='ltr'><strong>secundum</strong></span> <span class='ocrx_word' id='word_1_241' title='bbox 706 2355 958 2398; x_wconf 85' lang='lat' dir='ltr'><strong>substantiae</strong></span> <span class='ocrx_word' id='word_1_242' title='bbox 990 2353 1275 2394; x_wconf 70' lang='lat' dir='ltr'><strong>differentiam</strong></span> <span class='ocrx_word' id='word_1_243' title='bbox 1305 2352 1484 2404; x_wconf 83' lang='lat' dir='ltr'><strong>dicebat,</strong></span> 
     </span>
     <span class='ocr_line' id='line_1_33' title="bbox 75 2422 1486 2480; baseline -0.009 -5"><span class='ocrx_word' id='word_1_244' title='bbox 75 2434 108 2475; x_wconf 88' lang='lat' dir='ltr'><strong>si</strong></span> <span class='ocrx_word' id='word_1_245' title='bbox 137 2432 291 2479; x_wconf 76' lang='grc' dir='ltr'><strong><em>οὐσίας</em></strong></span> <span class='ocrx_word' id='word_1_246' title='bbox 318 2429 489 2471; x_wconf 88' lang='lat' dir='ltr'><strong>nomine</strong></span> <span class='ocrx_word' id='word_1_247' title='bbox 522 2427 806 2476; x_wconf 85' lang='lat' dir='ltr'><strong>substantiam,</strong></span> <span class='ocrx_word' id='word_1_248' title='bbox 837 2442 925 2467; x_wconf 90' lang='lat' dir='ltr'><strong>non</strong></span> <span class='ocrx_word' id='word_1_249' title='bbox 955 2441 1176 2480; x_wconf 86' lang='lat' dir='ltr'><strong>personam</strong></span> <span class='ocrx_word' id='word_1_250' title='bbox 1202 2422 1486 2477; x_wconf 77' lang='lat' dir='ltr'><strong>intelligebat3</strong></span> 
     </span>
     <span class='ocr_line' id='line_1_34' title="bbox 76 2493 1487 2558; baseline -0.006 -15"><span class='ocrx_word' id='word_1_251' title='bbox 76 2519 211 2558; x_wconf 88' lang='lat' dir='ltr'><strong>neque</strong></span> <span class='ocrx_word' id='word_1_252' title='bbox 241 2501 353 2542; x_wconf 89' lang='lat' dir='ltr'><strong>enim</strong></span> <span class='ocrx_word' id='word_1_253' title='bbox 383 2500 461 2540; x_wconf 84' lang='lat' dir='ltr'><strong>alia</strong></span> <span class='ocrx_word' id='word_1_254' title='bbox 493 2510 554 2540; x_wconf 86' lang='lat' dir='ltr'><strong>est</strong></span> <span class='ocrx_word' id='word_1_255' title='bbox 582 2497 808 2540; x_wconf 85' lang='lat' dir='ltr'><strong>substantia</strong></span> <span class='ocrx_word' id='word_1_256' title='bbox 837 2495 996 2545; x_wconf 84' lang='lat' dir='ltr'><strong>Patris,</strong></span> <span class='ocrx_word' id='word_1_257' title='bbox 1036 2495 1116 2536; x_wconf 84' lang='lat' dir='ltr'><strong>alia</strong></span> <span class='ocrx_word' id='word_1_258' title='bbox 1145 2493 1267 2535; x_wconf 86' lang='lat' dir='ltr'><strong>Filii:</strong></span> <span class='ocrx_word' id='word_1_259' title='bbox 1307 2510 1392 2535; x_wconf 92' lang='lat' dir='ltr'><strong>non</strong></span> <span class='ocrx_word' id='word_1_260' title='bbox 1424 2510 1487 2535; x_wconf 89' lang='lat' dir='ltr'><strong>er-</strong></span> 
     </span>
     <span class='ocr_line' id='line_1_35' title="bbox 78 2566 1488 2627; baseline -0.006 -13"><span class='ocrx_word' id='word_1_261' title='bbox 78 2574 192 2614; x_wconf 84' lang='lat' dir='ltr'><strong>rabat</strong></span> <span class='ocrx_word' id='word_1_262' title='bbox 219 2572 361 2627; x_wconf 89' lang='lat' dir='ltr'><strong>utique</strong></span> <span class='ocrx_word' id='word_1_263' title='bbox 395 2587 488 2611; x_wconf 90' lang='lat' dir='ltr'><strong>cum</strong></span> <span class='ocrx_word' id='word_1_264' title='bbox 519 2568 754 2610; x_wconf 87' lang='lat' dir='ltr'><strong>Dominum</strong></span> <span class='ocrx_word' id='word_1_265' title='bbox 782 2579 974 2608; x_wconf 87' lang='lat' dir='ltr'><strong>nostrum</strong></span> <span class='ocrx_word' id='word_1_266' title='bbox 1013 2583 1100 2606; x_wconf 89' lang='lat' dir='ltr'><strong>non</strong></span> <span class='ocrx_word' id='word_1_267' title='bbox 1140 2566 1291 2606; x_wconf 86' lang='lat' dir='ltr'><strong>habere</strong></span> <span class='ocrx_word' id='word_1_268' title='bbox 1322 2566 1488 2607; x_wconf 76' lang='lat' dir='ltr'><strong>dicebat</strong></span> 
     </span>
     <span class='ocr_line' id='line_1_36' title="bbox 79 2635 1486 2698; baseline -0.005 -16"><span class='ocrx_word' id='word_1_269' title='bbox 79 2641 290 2698; x_wconf 83' lang='lat' dir='ltr'><strong>propriam</strong></span> <span class='ocrx_word' id='word_1_270' title='bbox 321 2640 558 2690; x_wconf 80' lang='lat' dir='ltr'><strong>Deitatem,</strong></span> <span class='ocrx_word' id='word_1_271' title='bbox 588 2640 661 2680; x_wconf 87' lang='lat' dir='ltr'><strong>sed</strong></span> <span class='ocrx_word' id='word_1_272' title='bbox 691 2650 853 2679; x_wconf 88' lang='lat' dir='ltr'><strong>tantum</strong></span> <span class='ocrx_word' id='word_1_273' title='bbox 882 2650 1096 2693; x_wconf 85' lang='lat' dir='ltr'><strong>paternam</strong></span> <span class='ocrx_word' id='word_1_274' title='bbox 1128 2636 1171 2677; x_wconf 90' lang='lat' dir='ltr'><strong>in</strong></span> <span class='ocrx_word' id='word_1_275' title='bbox 1201 2636 1294 2691; x_wconf 86' lang='lat' dir='ltr'><strong>ipso</strong></span> <span class='ocrx_word' id='word_1_276' title='bbox 1326 2635 1486 2676; x_wconf 81' lang='lat' dir='ltr'><strong>inhabi-</strong></span> 
     </span>
     <span class='ocr_line' id='line_1_37' title="bbox 82 2705 1487 2768; baseline -0.004 -18"><span class='ocrx_word' id='word_1_277' title='bbox 82 2723 249 2751; x_wconf 87' lang='lat' dir='ltr'><strong>tantem.</strong></span> <span class='ocrx_word' id='word_1_278' title='bbox 317 2712 462 2768; x_wconf 84' lang='lat' dir='ltr'><strong>Neque</strong></span> <span class='ocrx_word' id='word_1_279' title='bbox 503 2712 613 2753; x_wconf 88' lang='lat' dir='ltr'><strong>enim</strong></span> <span class='ocrx_word' id='word_1_280' title='bbox 654 2710 824 2766; x_wconf 84' lang='lat' dir='ltr'><strong>propria</strong></span> <span class='ocrx_word' id='word_1_281' title='bbox 865 2720 924 2750; x_wconf 90' lang='lat' dir='ltr'><strong>est</strong></span> <span class='ocrx_word' id='word_1_282' title='bbox 963 2707 1158 2749; x_wconf 77' lang='lat' dir='ltr'><strong>divinitas</strong></span> <span class='ocrx_word' id='word_1_283' title='bbox 1195 2705 1344 2756; x_wconf 83' lang='lat' dir='ltr'><strong>Patris,</strong></span> <span class='ocrx_word' id='word_1_284' title='bbox 1388 2721 1487 2760; x_wconf 85' lang='lat' dir='ltr'><strong>pro·</strong></span> 
     </span>
     <span class='ocr_line' id='line_1_38' title="bbox 83 2774 1487 2837; baseline -0.003 -19"><span class='ocrx_word' id='word_1_285' title='bbox 83 2780 169 2834; x_wconf 83' lang='lat' dir='ltr'><strong>pria</strong></span> <span class='ocrx_word' id='word_1_286' title='bbox 199 2779 314 2830; x_wconf 82' lang='lat' dir='ltr'><strong>Filii,</strong></span> <span class='ocrx_word' id='word_1_287' title='bbox 343 2782 413 2821; x_wconf 88' lang='lat' dir='ltr'><strong>sed</strong></span> <span class='ocrx_word' id='word_1_288' title='bbox 444 2799 525 2822; x_wconf 86' lang='lat' dir='ltr'><strong>una</strong></span> <span class='ocrx_word' id='word_1_289' title='bbox 557 2783 785 2837; x_wconf 80' lang='lat' dir='ltr'><strong>eademque</strong></span> <span class='ocrx_word' id='word_1_290' title='bbox 811 2793 871 2822; x_wconf 85' lang='lat' dir='ltr'><strong>est</strong></span> <span class='ocrx_word' id='word_1_291' title='bbox 900 2779 1056 2830; x_wconf 85' lang='lat' dir='ltr'><strong>Patris,</strong></span> <span class='ocrx_word' id='word_1_292' title='bbox 1087 2795 1132 2819; x_wconf 87' lang='lat' dir='ltr'><strong>ac</strong></span> <span class='ocrx_word' id='word_1_293' title='bbox 1162 2776 1281 2824; x_wconf 86' lang='lat' dir='ltr'><strong>Filii,</strong></span> <span class='ocrx_word' id='word_1_294' title='bbox 1313 2792 1359 2816; x_wconf 85' lang='lat' dir='ltr'><strong>ac</strong></span> <span class='ocrx_word' id='word_1_295' title='bbox 1389 2774 1487 2830; x_wconf 87' lang='lat' dir='ltr'><strong>Spi-</strong></span> 
     </span>
     <span class='ocr_line' id='line_1_39' title="bbox 84 2848 1487 2906; baseline -0.004 -17"><span class='ocrx_word' id='word_1_296' title='bbox 84 2850 186 2891; x_wconf 83' lang='lat' dir='ltr'><strong>ritus</strong></span> <span class='ocrx_word' id='word_1_297' title='bbox 226 2850 352 2891; x_wconf 85' lang='lat' dir='ltr'><strong>sancti</strong></span> <span class='ocrx_word' id='word_1_298' title='bbox 393 2851 606 2894; x_wconf 78' lang='lat' dir='ltr'><strong>divinitas:</strong></span> <span class='ocrx_word' id='word_1_299' title='bbox 646 2851 806 2906; x_wconf 81' lang='lat' dir='ltr'><strong>alioqui</strong></span> <span class='ocrx_word' id='word_1_300' title='bbox 844 2863 926 2891; x_wconf 82' lang='lat' dir='ltr'><strong>tres</strong></span> <span class='ocrx_word' id='word_1_301' title='bbox 958 2861 1090 2893; x_wconf 80' lang='lat' dir='ltr'><strong>essent</strong></span> <span class='ocrx_word' id='word_1_302' title='bbox 1121 2848 1213 2895; x_wconf 82' lang='lat' dir='ltr'><strong>Dii,</strong></span> <span class='ocrx_word' id='word_1_303' title='bbox 1255 2863 1339 2887; x_wconf 87' lang='lat' dir='ltr'><strong>non</strong></span> <span class='ocrx_word' id='word_1_304' title='bbox 1379 2861 1487 2885; x_wconf 88' lang='lat' dir='ltr'><strong>unus</strong></span> 
     </span>
    </p>
   </div>
  </div>
 </body>
</html>
