1759 3125
481 110 870 151 Omcfimmonum
900 107 1043 148 LIBER
1064 108 1117 148 II.
1415 108 1498 152 147

79 222 308 275 gnitionem
345 220 449 260 hanc
486 236 508 260 a
548 219 673 260 Patre
712 217 933 274 acceperit.
1001 219 1058 259 At
1096 217 1236 258 sanior
1266 229 1349 269 est,
1389 236 1493 275 quae

77 300 206 354 paulo
223 309 320 353 post
341 297 528 353 sequitur
558 296 643 337 loci
676 295 863 354 ejusdem
895 294 1116 350 expositio,
1148 307 1318 336 eatenus
1339 312 1494 352 nempe

77 377 222 416 horam
251 375 356 415 hanc
385 374 595 426 ignorasse
628 374 863 423 Christum,
906 384 1108 428 quatenus
1137 372 1271 428 ipsam
1302 373 1492 425 ecclesia,

79 469 183 508 quae
214 467 368 507 corpus
400 451 553 492 Christi
584 462 658 500 est,
690 451 865 503 ignorat.
932 451 1027 490 Huc
1058 451 1294 491 addendam
1327 463 1492 493 censeat

78 527 227 583 aliquis
266 527 435 580 longam
476 527 808 583 disputationem
844 545 892 568 ex
931 526 1055 567 initio
1097 526 1227 567 Tomi
1257 529 1311 570 II.
1343 528 1385 569 in
1416 530 1493 570 Jo-

79 621 170 647 ann.
201 622 316 647 num.
347 605 386 647 2.
436 617 477 646 et
507 622 615 661 seq.‚
662 605 704 646 in
749 622 831 661 qua
870 621 1019 645 vocem
1060 602 1166 651 θεός
1203 605 1380 646 articulo
1413 623 1488 647 suo

78 682 342 740 conjunctam
386 682 601 735 distinguit
640 682 843 736 Origenes
882 699 905 724 a
935 698 1040 723 voce
1076 680 1182 730 θεὸς
1211 684 1363 723 eodem
1395 683 1493 724 arti-

76 760 173 799 culo
208 760 417 810 destituta,
448 772 572 815 atque
604 760 708 800 hanc
728 761 901 815 deputat
916 759 1046 811 Filio,
1077 759 1194 800 illam
1210 760 1349 801 Patri:
1379 762 1491 801 unde

75 835 236 891 opinati
274 848 370 877 sunt
409 836 579 892 quidam
625 837 750 877 aliam
791 837 930 893 ipsum
968 836 1184 877 Deitatem
1226 837 1492 894 adscripsisse

76 913 213 962 Patri,
256 929 303 953 ae
333 913 702 968 praestantiorem,
744 913 992 955 inferiorem
1032 931 1132 955 vero
1174 913 1304 956 Filio.
1375 915 1493 969 Qua—

76 1002 256 1046 propter
285 1007 332 1032 ea
363 991 661 1032 Genebrardus
692 992 743 1031 ab
762 991 926 1032 Arianis
956 1004 1091 1033 assuta
1121 992 1248 1032 fuisse
1281 994 1490 1035 censebat.

75 1070 130 1108 At
161 1084 255 1108 cum
293 1084 340 1108 ea
379 1079 520 1108 tamen
562 1069 706 1109 dextre
743 1068 878 1123 accipi
916 1084 1041 1123 posse
1083 1080 1302 1121 agnoscat,
1343 1081 1386 1110 et
1414 1087 1491 1111 nos

76 1161 244 1200 quoque
275 1144 317 1185 in
349 1144 726 1187 observationibus
759 1144 1087 1186 demonstraturi
1115 1145 1258 1198 simus,
1290 1164 1364 1188 cur
1393 1148 1490 1189 loco

76 1222 171 1262 huic
200 1222 294 1263 falsi
324 1239 586 1278 apponamus
617 1235 782 1273 notam,
825 1239 965 1263 caussa
994 1224 1111 1263 nulla
1143 1235 1215 1264 est.
1279 1226 1332 1265 At
1362 1225 1494 1266 mani-

74 1299 176 1340 feste
206 1311 397 1341 sanctum
426 1301 634 1356 Spiritum
674 1301 836 1341 honore
876 1317 952 1340 suo
994 1317 1041 1341 ac
1072 1301 1271 1354 dignitate
1300 1303 1494 1344 fraudare

78 1389 255 1418 conatur
285 1378 488 1429 Origenes
519 1378 644 1419 Tom.
674 1378 796 1418 XIII.
828 1377 868 1417 in
890 1378 1042 1418 Joann.
1074 1394 1188 1420 num.
1210 1379 1279 1421 25.
1309 1379 1371 1420 his
1404 1396 1494 1420 ver-

77 1455 160 1495 bis:
202 1453 383 1512 ΙῙρὸςΙ)
423 1453 560 1509 τόνῖ)
598 1451 883 1513 βουλόμενον
920 1452 1241 1512 ὑπερδοξάζειν
1267 1454 1347 1499 τόν
1375 1456 1492 1512 υἱὸν,

77 1531 263 1576 πάντων
300 1532 388 1589 μὲν
435 1533 525 1575 τῶν
565 1534 797 1588 γεννητῶν
833 1530 1094 1590 ὑπερέχειν,
1143 1530 1194 1574 οὐ
1243 1539 1492 1591 συγκρίσει,

0 1658 1 1666 ¹
52 1648 53 1651 ,
79 1609 170 1653 ἀλλ’
205 1608 547 1671 ὑπερβαλλούσῃ
578 1607 777 1668 ὑπεροχῇ
809 1624 965 1666 φαμεν
1002 1606 1082 1651 τὸν
1112 1610 1304 1667 σωτῆρα,
1337 1613 1414 1653 καὶ
1443 1609 1493 1654 τὸ

77 1691 260 1744 πνεῦμα
290 1686 338 1731 τὸ
368 1684 521 1744 ἅγιον,
554 1684 896 1744 ὑπερεχόμενον
924 1689 1158 1741 τοσοῦτον,
1193 1684 1224 1741 ἤ
1253 1692 1329 1730 καὶ
1351 1691 1492 1733 πλέον

81 1766 171 1810 ἀπὸ
220 1767 301 1809 τοῦ
349 1763 544 1822 πατρὸς,
592 1762 683 1820 ὅσῳ
728 1763 936 1822 ὑπερέχει
981 1762 1112 1812 αὐτὸς
1152 1767 1228 1806 καὶ
1267 1763 1315 1808 τὸ
1358 1764 1493 1822 ἅγιον

80 1846 261 1899 πνεῦμα
293 1845 383 1886 τῶν
412 1844 607 1897 λοιπῶν,
651 1841 704 1885 οὐ
734 1844 825 1884 τῶν
853 1838 1094 1898 τυχόντων.
1165 1841 1372 1898 Spiritum
1403 1860 1494 1885 san-

79 1934 190 1962 ctum
222 1921 310 1961 illic
339 1920 447 1960 infra
476 1919 646 1960 Patrem
686 1919 907 1974 deprimit:
952 1918 1068 1958 Filio
1118 1935 1219 1958 vero
1269 1921 1493 1975 posthabet

76 1998 199 2040 Tom.
230 1999 285 2040 II.
317 1997 359 2037 iu
389 1998 539 2038 Joann.
569 2013 684 2037 num.
716 1996 754 2038 6.
821 1997 1035 2050 Ταῦῖα3)
1077 1996 1126 2039 δὲ
1166 1997 1360 2040 ἐπιπολὺ
1391 1997 1493 2054 ἐξή-

80 2091 232 2119 τασται
269 2079 554 2133 σαφέστερον
591 2076 708 2118 ἰδεῖν
745 2075 1066 2130 βουλομένοις,
1108 2076 1226 2127 πῶς,
1266 2078 1306 2118 εἴ
1343 2073 1494 2118 πάντα

81 2153 134 2196 δι’
169 2153 306 2197 αὐτοῦ
337 2153 539 2209 ἐγένετο,
581 2154 657 2193 καὶ
699 2150 748 2194 τὸ
788 2153 971 2205 πνεῖ-μα
1002 2149 1078 2194 διὰ
1109 2154 1188 2195 τοῦ
1218 2149 1361 2209 λόγου
1391 2154 1494 2209 ἐγέ-

80 2248 193 2286 νετο,
223 2231 271 2274 ἓν
300 2232 390 2274 τῶν
419 2228 606 2274 πάντων
636 2227 867 2286 τυγχάνον
889 2227 1228 2288 ὑποδεεστέρων
1252 2233 1330 2273 τοῦ
1352 2229 1407 2273 δι’
1443 2223 1497 2273 οὗ

197 2490 234 2544 ¹)
265 2489 373 2530 Vide
404 2491 532 2544 paulo
565 2505 689 2544 supra
720 2488 1060 2529 observationem
1092 2487 1133 2528 in
1165 2489 1267 2529 haec
1299 2489 1494 2542 Origenis

83 2548 229 2586 verba:
271 2546 376 2589 Ἀλλ’
422 2545 542 2602 ὅμως
582 2550 672 2589 τῶν
714 2544 942 2589 τοσούτων
974 2548 1062 2588 κτλ.
1105 2546 1154 2586 R.
1199 2571 1247 2578 ——
1288 2546 1374 2587 Csr.
1415 2547 1496 2587 Ex-

82 2619 221 2642 cursus
249 2601 319 2642 IV.

193 2669 236 2724 2)
266 2671 373 2712 Edd.
404 2672 569 2713 Huetii:
603 2670 667 2715 ῧν.

199 2740 240 2792 3)
272 2740 332 2779 Ex
363 2740 534 2781 Patrum
566 2742 745 2782 aliorum
780 2742 988 2782 similibus
1021 2740 1161 2781 verbis
1189 2739 1496 2780 ostenditinsra

82 2796 170 2851 ipse
204 2795 402 2843 Ηιιοῐίιιε,
441 2813 523 2851 quo
563 2814 685 2838 sensu
715 2799 817 2838 haec
847 2799 980 2854 accipi
1013 2799 1205 2839 debeant.
1238 2797 1286 2837 R.
1319 2821 1369 2828 --
1405 2795 1493 2840 Csr,

82 2854 145 2894 cd.
178 2863 343 2894 nostrae
375 2852 498 2893 Tom.
530 2854 561 2895 I.
592 2870 682 2909 pag.
715 2854 810 2898 113.

1036 2930 1088 2971 10
1107 2930 1133 2956 ⁸·
