1759 3125
265 103 346 151 332
687 102 828 143 Pss‘rm
869 101 1080 143 DAmnus
1119 101 1282 144 Hom-11

379 215 634 258 Hominibus
664 231 765 255 vero
796 215 970 269 singulis=
1005 214 1193 266 geminos
1222 215 1364 254 adesse
1395 213 1576 264 angelos,
1605 212 1682 251 bo-

266 312 367 336 num
398 296 598 342 alterum,
642 292 818 332 alterum
858 291 1015 331 malum
1057 291 1244 330 decernit
1283 289 1376 331 libr.
1411 290 1446 332 1.
1488 288 1529 328 iu
1562 285 1681 342 epist.

269 374 321 413 ad
352 374 477 413 Rom.
515 387 628 410 num.
661 369 747 419 18„
795 380 835 409 et
875 384 922 407 ex
963 367 1194 422 Scripturis
1223 367 1346 408 sacris
1393 383 1516 422 saepe
1556 365 1600 405 id
1640 379 1681 404 se

268 448 461 490 docuisse
499 447 556 488 ait
593 446 721 488 Hom.
751 445 819 489 23.
865 444 907 485 in
945 445 1033 485 JOS.
1074 461 1188 485 num.
1220 444 1281 495 3.,
1322 456 1363 485 et
1399 459 1476 499 per
1515 440 1684 495 genium

270 525 495 582 principis,
534 540 659 580 quem
693 525 943 563 daemonem
975 536 1062 561 esse
1095 520 1198 561 dicit
1227 520 1308 577 ipsi
1338 519 1522 561 nascenti
1551 533 1684 574 appo-

269 604 410 652 situm,
440 601 568 659 jurari
599 612 711 641 vetat
750 599 844 639 libr.
874 598 912 641 S.
956 608 1088 637 contr.
1132 596 1239 637 Cels.
1278 614 1392 638 num.
1424 595 1490 639 65.
1544 595 1684 638 Ἀπο-

268 684 496 724 θανατέον
527 680 621 722 ἐστὶ
649 679 850 736 μᾶλλον,
884 674 1042 730 inquit,
1073 671 1187 728 ἡμῖν
1219 673 1332 733 ὑπὲρ
1363 677 1439 718 τοῦ
1471 671 1532 728 μὴ
1568 670 1684 728 ὀμό-

269 773 344 802 σαι
373 756 613 815 μοχθηρὸν
656 756 857 809 δαίμονα
896 754 973 794 καὶ
1013 747 1208 795 ἄπιστον
1243 749 1460 799 πολλάκις
1492 752 1685 798 συνεξα-

267 831 564 892 μαρτάνοντα
609 823 644 888 ᾧ
683 832 843 886 ἔλαχεν
886 826 1134 886 ἀνθρώπῳ,
1186 825 1212 883 ἣ
1258 832 1334 871 καὶ
1373 832 1514 872 πλέον
1545 826 1681 869 αὑτοῦ

265 910 606 968 ἁμαρτάνοντα.
652 907 855 962 Dogmati
883 906 981 947 huic
1011 905 1269 962 praesidium
1300 906 1492 947 adsciscit
1509 921 1556 945 ex
1577 904 1684 944 Her-

266 1005 359 1030 mae
388 989 586 1037 Pastore,
626 998 668 1027 et
697 985 913 1026 Barnabae
944 983 1147 1039 epistola,
1178 1008 1229 1015 —-
1268 983 1341 1039 qui
1372 981 1470 1022 libri
1499 982 1551 1022 ad
1581 980 1686 1020 hanc

268 1067 382 1108 diem
410 1075 656 1121 supersunt,
695 1077 871 1117 eamque
911 1060 1130 1101 continent
1170 1060 1405 1101 doctrinam
1437 1083 1488 1090 —-·
1520 1058 1613 1098 libr.
1643 1055 1684 1100 3.

269 1146 321 1185 de
351 1142 538 1198 Princip.
572 1157 660 1196 cap.
688 1139 728 1183 2.
760 1155 874 1179 num.
905 1137 967 1188 4.,
1010 1150 1053 1178 et
1090 1137 1251 1179 Homil.
1282 1136 1349 1180 35.
1382 1136 1424 1176 in
1454 1136 1579 1184 Luc„
1610 1132 1685 1173 ubi

266 1222 324 1262 ait
353 1218 656 1267 adversarium,
707 1228 748 1256 et
785 1215 1074 1256 insidiatorem
1114 1231 1136 1255 a
1173 1213 1297 1255 nobis
1335 1228 1538 1269 nusquam
1570 1226 1684 1251 recc-

269 1300 384 1348 dere,
415 1297 488 1338 sed
518 1296 570 1336 ad
601 1293 868 1349 principem,
912 1291 1060 1333 Gentis
1091 1290 1291 1330 nimirum
1320 1290 1555 1344 praesidem
1588 1290 1685 1329 dae·
1744 1291 1756 1303 “

267 1391 441 1416 monem
471 1388 548 1414 nos
580 1371 805 1420 deducere,
836 1381 877 1409 et
907 1385 928 1409 a
958 1385 1001 1409 se
1031 1379 1217 1409 servatos
1248 1368 1447 1407 adversus
1478 1365 1683 1422 principis

267 1452 463 1501 alterius,
511 1463 658 1504 rapere
689 1461 768 1487 nos
796 1445 1004 1495 volentis,
1048 1444 1217 1485 insidias
1253 1445 1422 1486 sistere:
1474 1443 1685 1485 Christum

267 1542 409 1572 autem
439 1526 652 1583 principes
684 1539 829 1564 omnes
861 1522 1030 1574 vicisse,
1071 1534 1112 1563 et
1140 1521 1346 1563 terminos
1377 1537 1525 1562 eorum
1555 1532 1687 1561 trans-

268 1618 438 1649 euntem
478 1603 665 1659 captivos
713 1602 902 1658 populos
940 1601 993 1640 ad
1039 1616 1081 1641 se
1120 1599 1163 1640 in
1200 1600 1378 1640 salutem
1415 1598 1687 1640 transtulisse.

268 1684 404 1726 Addit
433 1682 606 1724 deinde:
636 1684 789 1735 Neque
819 1679 941 1719 euim
972 1689 1124 1718 omnes
1154 1679 1354 1718 omnium
1383 1683 1491 1717 suut
1521 1673 1686 1717 adver-

267 1763 399 1812 sari-i,
427 1756 508 1801 sed
533 1756 711 1813 singuli
734 1755 939 1812 singulos
983 1753 1177 1808 habent,
1223 1756 1301 1810 qui
1325 1754 1488 1809 ubique
1517 1766 1589 1795 eos
1617 1766 1685 1796 se-

267 1845 486 1896 quautur,
517 1843 562 1877 et
591 1836 684 1876 sint
715 1835 913 1875 comites.

383 1914 502 1968 Quid
541 1912 658 1968 quod
695 1910 867 1964 singulis
905 1909 1148 1950 hominibus
1177 1925 1264 1949 non
1302 1908 1473 1949 unicum
1503 1919 1684 1949 tantum-

265 1994 398 2035 modo
430 1989 638 2042 angelum,
666 1988 891 2028 unicumve
912 1987 1178 2035 daemonem,
1207 1986 1281 2025 sed
1302 1996 1410 2026 totas
1425 1986 1685 2037 angelorum,

270 2073 611 2121 daemonumque
664 2065 859 2105 cohortes
912 2062 1097 2120 adjungit
1147 2062 1312 2103 Homil.
1347 2061 1387 2104 4.
1438 2062 1481 2102 in
1506 2063 1683 2106 ‘Psalm.

269 2146 469 2190 XXXVI.
498 2159 614 2184 num.
645 2141 683 2185 3.
742 2144 989 2196 Nunquam
1017 2143 1159 2189 enim,
1192 2138 1346 2194 inquit,
1371 2138 1490 2180 solus
1519 2147 1587 2181 est
1603 2141 1684 2196 ja-

270 2233 382 2279 nus,
411 2219 492 2264 sed
518 2233 574 2262 ue
603 2220 739 2260 unius
764 2216 956 2272 quidem,
989 2224 1071 2258 aut
1088 2213 1295 2268 duorum,
1325 2216 1397 2257 vel
1415 2218 1558 2258 trium
1579 2224 1684 2259 tan-

272 2297 500 2346 tummodo
532 2295 805 2352 angelorum
833 2297 1051 2336 societate
1078 2295 1303 2336 subnixus
1332 2300 1414 2344 est,
1443 2291 1524 2336 sed
1549 2307 1683 2337 exer-

274 2383 392 2423 citus
421 2379 468 2419 ez·
491 2377 716 2418 virtutum
747 2372 1004 2414 coelestium
1030 2378 1218 2426 praesto
1248 2377 1337 2413 est:
1367 2372 1483 2427 quod
1511 2388 1598 2412 non
1629 2373 1682 2413 ad

272 2454 506 2513 spiritualia
534 2464 674 2493 tamen
704 2451 816 2490 bona
848 2449 1102 2491 conferenda
1132 2448 1364 2501 restringit,
1405 2450 1479 2489 sed
1508 2450 1560 2490 ad
1590 2467 1682 2491 cor-

271 2549 404 2592 porea
434 2531 560 2573 etiam
590 2539 792 2585 prorogat
829 2526 988 2568 Homil.
1019 2525 1087 2570 20.
1131 2525 1175 2565 in
1204 2529 1291 2569 Jos.
1322 2542 1438 2568 num.
1471 2528 1507 2570 1.
1570 2528 1682 2570 Con-

269 2618 368 2654 stat
396 2621 507 2664 ergo
548 2607 721 2648 multas
757 2618 849 2648 esse
888 2608 1082 2646 virtutes
1121 2605 1253 2644 intra
1282 2615 1386 2658 nos,
1427 2606 1586 2660 quibus
1614 2606 1687 2651 vel

274 2689 540 2730 animarum
557 2690 838 2733 nostrarum,
870 2682 942 2724 vel
958 2692 1198 2736 corporum
1219 2693 1333 2721 cura
1343 2684 1571 2737 permissa
1591 2690 1681 2735 θεῖς

276 2765 345 2806 cui
374 2761 642 2804 defendendo
674 2759 811 2801 utitur
827 2759 1055 2815 scriptione
1076 2760 1253 2814 quadam
1273 2760 1526 2817 apocrypha,
1559 2776 1684 2815 quam

275 2841 440 2884 Enochi
471 2840 625 2881 librum
667 2853 752 2880 csse
791 2836 988 2892 suspicari
1019 2835 1174 2892 possis,
1215 2836 1376 2878 Homil.
1409 2835 1477 2880 35.
1510 2836 1554 2878 in
1582 2837 1683 2878 Luc„

1746 196 1756 215 Ι
