1759 3125
468 98 860 139 Ommzmmonum
897 95 1038 140 Limm
1067 96 1123 139 II.
1402 99 1489 145 323

78 224 203 266 seem,
245 208 460 265 angelum
497 210 668 250 venisse
698 206 753 250 de
784 208 924 261 coelo,
965 216 1012 250 et
1040 210 1301 252 assumsz‘sse
1329 220 1491 268 corpus

81 288 352 340 humanum,
393 290 446 326 ut
483 284 654 327 Israeli
683 298 797 340 quae
836 299 866 326 a
896 285 1093 327 Domino
1122 294 1230 328 sunt
1259 285 1490 329 mandata

78 366 348 420 loqueretur.
406 362 462 402 Et
501 363 631 417 paulo
678 374 776 417 post
814 364 964 414 dogma
1001 362 1111 403 illud
1152 363 1324 416 Origeni
1354 364 1492 405 nomi-

78 440 206 482 natim
230 439 450 480 adscribit:
480 438 690 494 Scripsit,
720 438 871 495 inquit,
903 442 950 481 in
981 438 1102 481 hunc
1131 438 1299 481 librum
1331 440 1492 497 Orige-

77 528 155 558 nes
185 518 283 558 tria
312 515 542 556 volumina
553 533 567 566 ,·
604 514 687 557 sed
713 515 956 557 historiam
986 519 1167 557 omnino
1198 530 1287 558 non
1319 520 1491 574 tetigit,

75 599 120 634 et
151 605 276 633 more
304 605 384 633 suo
416 600 538 635 totus
567 595 614 634 in
647 593 901 647 allegoriae
920 594 1308 650 interpretatione
1336 607 1491 637 versa-

76 677 149 711 tus
179 677 260 722 est,
291 670 468 711 nullam
499 668 679 712 Esdrae
710 669 890 718 faciens
919 672 1208 721 mentionem,
1238 669 1322 713 sed
1347 685 1490 728 ange-

75 746 166 787 lum
192 754 368 802 putans
384 746 560 800 ficisse,
599 748 678 802 qul
702 749 905 803 scripsit,
934 746 1179 790 secundum
1209 744 1344 801 illud,
1375 745 1497 803 quod

75 822 130 865 de
162 825 337 864 Ioanne
367 824 582 879 legimus:
611 824 767 875 „Eu-e,
787 825 825 880 ¹)
859 840 934 877 ego
965 824 1089 865 mitto
1120 825 1316 876 angelum
1347 841 1491 866 meum

76 913 170 941 ante
200 900 352 940 faciem
382 907 542 948 tuam‚“
604 900 736 953 Quod
772 914 852 942 nos
890 904 1069 943 omnino
1110 914 1201 944 non
1230 904 1490 958 recipimus,

74 991 131 1019 ne
163 980 428 1019 animarum
458 976 513 1020 de
543 979 662 1020 coelo
691 981 880 1020 ruinam
902 981 1128 1035 suscipere
1151 980 1491 1035 compellamur.

75 1057 194 1096 Idem
226 1055 267 1095 in
300 1055 480 1110 epistola
513 1055 621 1105 126„
654 1072 758 1111 quae
791 1068 852 1096 est
881 1057 933 1096 ad
963 1056 1210 1108 Evagrium:
1245 1055 1301 1097 In
1328 1055 1491 1109 fronte

79 1133 312 1182 Geneseos,
342 1132 390 1172 z'n
416 1134 573 1188 prima
604 1133 912 1174 Homz‘le‘arum
945 1132 1159 1188 Orc'genz's
1188 1136 1345 1189 reperi
1369 1136 1490 1176 scri-

67 1219 200 1267 ptum
231 1207 285 1251 de
316 1208 665 1261 Melchisedech,·
700 1212 748 1251 in
780 1221 868 1265 qua
899 1210 1145 1267 multiplici
1168 1222 1375 1253 sermone
1404 1207 1494 1253 a'ae's-

68 1295 268 1344 putans,
307 1284 416 1327 illu-c
445 1283 680 1328 devolutus
706 1291 797 1340 est,
838 1293 890 1327 ut
919 1299 1022 1327 eum
1052 1287 1271 1342 angelum
1306 1285 1493 1338 diceret,

73 1363 316 1420 iisdemque
343 1375 492 1419 paene
521 1366 835 1417 argumentis,
877 1361 1034 1419 quibus
1074 1367 1275 1420 scriptor
1304 1372 1410 1407 tuus
1438 1363 1494 1407 de

75 1444 255 1499 Spiritu
282 1448 470 1491 sancta,
502 1440 578 1481 z'lle
607 1438 663 1481 de
692 1442 898 1496 supernis
927 1438 1176 1482 virtutibus
1206 1448 1273 1482 est
1303 1441 1491 1484 locutus.

81 1519 301 1562 Transc'cc‘
327 1516 393 1559 ad
417 1516 670 1573 Dz‘dymum
699 1524 976 1558 sectatorem
1007 1518 1124 1570 ejus,
1154 1523 1201 1559 et
1230 1516 1328 1560 vide·
1354 1517 1493 1560 lzomz‘-

77 1609 180 1638 nem
203 1592 396 1652 pedibus
424 1597 472 1636 in
503 1596 728 1650 magistri
754 1597 837 1635 z'sse
866 1595 1158 1635 senteutiam.
1217 1595 1361 1646 Longe
1392 1611 1490 1647 ergo

77 1677 128 1715 ab
159 1676 239 1714 hoc
271 1688 413 1713 errore
453 1672 590 1713 abfuit
628 1671 936 1728 Hieronymus,
984 1671 1050 1711 cui
1093 1672 1232 1727 ipsum
1272 1682 1412 1712 tamen
1449 1671 1492 1713 in

78 1753 317 1795 Comment.
350 1750 402 1791 ad
431 1750 586 1790 Psalm.
616 1748 684 1793 23.
726 1749 875 1789 favisse
913 1748 1151 1803 suspicatur
1181 1748 1491 1790 Genebrardus.

80 1830 211 1884 Quod
242 1839 354 1868 certe
401 1827 459 1867 ita
507 1842 593 1866 non
645 1842 732 1866 esse
779 1826 1079 1880 deprehendet,
1126 1824 1313 1880 quisquis
1357 1836 1492 1867 totam

77 1906 233 1949 Psalmi
274 1904 395 1961 hujus
438 1901 745 1942 enarrationem
784 1902 960 1943 curiosis
999 1901 1133 1943 oculis
1163 1902 1492 1957 perlustraverit.

76 1985 340 2040 Hieronymo
372 1981 417 2021 id
448 1995 617 2036 quoque
650 1979 918 2034 exprobravit
944 1980 1122 2020 Rufinus
1152 1980 1308 2020 Invect.
1340 1980 1400 2031 L,
1430 1979 1491 2021 his

78 2073 338 2111 commotus,
389 2073 493 2114 quae
522 2057 565 2097 in
596 2057 748 2112 Ephes.
781 2058 824 2107 I,
862 2057 902 2100 4.
943 2056 1147 2113 scriptum
1186 2056 1342 2097 habent
1377 2056 1493 2098 illius

79 2135 399 2181 Commentarii.
466 2135 553 2176 Sed
593 2135 760 2189 culpam
798 2135 902 2175 hanc
941 2150 963 2175 a
999 2150 1043 2174 se
1084 2135 1336 2189 depreeatur
1375 2136 1494 2190 Apo-

78 2217 160 2269 log.
194 2216 232 2259 1.
262 2216 355 2256 adv.
384 2213 524 2254 Rufin.
558 2229 646 2267 cap.
678 2212 715 2254 5.
749 2223 790 2252 et
819 2212 857 2255 6.

192 2293 389 2334 Ceterum
420 2290 632 2331 immerito
666 2290 811 2345 culpat
842 2287 1071 2342 Origenem
1109 2288 1250 2329 Sixtus
1281 2287 1491 2339 Senensis,

80 2372 193 2426 quod
227 2368 388 2410 Homil.
417 2367 485 2410 23.
525 2368 569 2408 in
606 2369 708 2410 Luc.
747 2379 909 2422 septem
950 2365 1220 2407 ecclesiarum
1251 2364 1492 2420 episcopos,

81 2465 186 2504 quos
215 2449 399 2488 Joannes
428 2445 472 2486 in
505 2445 758 2503 Apocalypsi
790 2444 952 2485 ratione
984 2443 1117 2483 officii
1148 2442 1316 2495 angelos
1347 2443 1493 2498 appel-

82 2527 153 2575 lat,
184 2541 280 2565 vere
316 2523 443 2564 fuisse
474 2524 657 2574 angelos2
688 2538 912 2577 veramque
936 2521 1182 2573 angelorum
1205 2531 1395 2560 naturam
1424 2520 1496 2561 ha·

80 2602 216 2642 buisse
248 2602 421 2653 dixerim
450 2617 527 2641 nee
556 2600 702 2640 harum
746 2599 856 2642 enim
888 2597 1156 2638 ecclesiarum
1189 2596 1414 2652 episcopos
1444 2597 1496 2638 il·-

203 2761 241 2810 ¹)
275 2762 454 2805 Malach.
488 2763 568 2813 Ill,
604 2762 637 2804 1.
679 2761 776 2802 coll.
817 2759 965 2800 Matth.
997 2757 1079 2807 XI,
1122 2756 1188 2799 10.
1220 2758 1350 2800 blare.
1384 2758 1427 2808 I,
1455 2757 1494 2800 2.

85 2819 184 2858 Luc.
216 2818 313 2872 VH,
345 2818 417 2863 27.

1038 2889 1143 2933 21&
