<?xml version="1.0" encoding="UTF-8"?>
<!DOCTYPE html PUBLIC "-//W3C//DTD XHTML 1.0 Transitional//EN"
    "http://www.w3.org/TR/xhtml1/DTD/xhtml1-transitional.dtd">
<html xmlns="http://www.w3.org/1999/xhtml" xml:lang="en" lang="en">
 <head>
  <title>
</title>
<meta http-equiv="Content-Type" content="text/html;charset=utf-8" />
  <meta name='ocr-system' content='tesseract 3.04.00' />
  <meta name='ocr-capabilities' content='ocr_page ocr_carea ocr_par ocr_line ocrx_word'/>
</head>
<body>
  <div class='ocr_page' id='page_1' title='image "./operaomniaquaegr22orig/operaomniaquaegr22orig_0317.png"; bbox 0 0 1759 3125; ppageno 0'>
   <div class='ocr_carea' id='block_1_1' title="bbox 459 85 1479 130">
    <p class='ocr_par' dir='ltr' id='par_1_1' title="bbox 459 85 1479 130">
     <span class='ocr_line' id='line_1_1' title="bbox 459 85 1479 130; baseline 0.001 -1"><span class='ocrx_word' id='word_1_1' title='bbox 459 89 849 130; x_wconf 74' lang='lat' dir='ltr'><strong>ORIGENJANORUM</strong></span> <span class='ocrx_word' id='word_1_2' title='bbox 881 87 1022 126; x_wconf 67' lang='lat' dir='ltr'>Lmen</span> <span class='ocrx_word' id='word_1_3' title='bbox 1053 86 1106 126; x_wconf 86' lang='grc' dir='ltr'>ΙΙ.</span> <span class='ocrx_word' id='word_1_4' title='bbox 1397 85 1479 130; x_wconf 85' lang='grc'>305</span> 
     </span>
    </p>
   </div>
   <div class='ocr_carea' id='block_1_2' title="bbox 52 196 1480 1100">
    <p class='ocr_par' dir='ltr' id='par_1_2' title="bbox 52 196 1480 1100">
     <span class='ocr_line' id='line_1_2' title="bbox 59 196 1480 256; baseline -0.001 -17"><span class='ocrx_word' id='word_1_5' title='bbox 59 203 164 250; x_wconf 59' lang='lat' dir='ltr'>(frit,</span> <span class='ocrx_word' id='word_1_6' title='bbox 190 212 275 256; x_wconf 76' lang='lat' dir='ltr'>per</span> <span class='ocrx_word' id='word_1_7' title='bbox 305 210 438 254; x_wconf 77' lang='lat' dir='ltr'><em>quam</em></span> <span class='ocrx_word' id='word_1_8' title='bbox 468 196 672 253; x_wconf 72' lang='lat' dir='ltr'>delinqui</span> <span class='ocrx_word' id='word_1_9' title='bbox 698 196 828 238; x_wconf 77' lang='lat' dir='ltr'><em>ultra</em></span> <span class='ocrx_word' id='word_1_10' title='bbox 857 209 946 237; x_wconf 78' lang='lat' dir='ltr'>non</span> <span class='ocrx_word' id='word_1_11' title='bbox 975 199 1168 252; x_wconf 79' lang='lat' dir='ltr'>poterit:</span> <span class='ocrx_word' id='word_1_12' title='bbox 1201 197 1354 237; x_wconf 82' lang='lat' dir='ltr'>deinde</span> <span class='ocrx_word' id='word_1_13' title='bbox 1384 200 1480 239; x_wconf 88' lang='lat' dir='ltr'>sub-</span> 
     </span>
     <span class='ocr_line' id='line_1_3' title="bbox 58 272 1477 328; baseline -0.002 -11"><span class='ocrx_word' id='word_1_14' title='bbox 58 276 194 328; x_wconf 75' lang='lat' dir='ltr'>iiciat:</span> <span class='ocrx_word' id='word_1_15' title='bbox 233 275 294 317; x_wconf 79' lang='lat' dir='ltr'>Et</span> <span class='ocrx_word' id='word_1_16' title='bbox 325 272 424 315; x_wconf 84' lang='lat' dir='ltr'>ideo</span> <span class='ocrx_word' id='word_1_17' title='bbox 453 275 618 315; x_wconf 84' lang='lat' dir='ltr'>merito</span> <span class='ocrx_word' id='word_1_18' title='bbox 649 275 842 323; x_wconf 69' lang='lat' dir='ltr'>caritas,</span> <span class='ocrx_word' id='word_1_19' title='bbox 873 285 987 328; x_wconf 79' lang='lat' dir='ltr'>quae</span> <span class='ocrx_word' id='word_1_20' title='bbox 1016 273 1113 315; x_wconf 82' lang='lat' dir='ltr'>sola</span> <span class='ocrx_word' id='word_1_21' title='bbox 1145 274 1345 314; x_wconf 82' lang='lat' dir='ltr'>omnium</span> <span class='ocrx_word' id='word_1_22' title='bbox 1377 286 1477 314; x_wconf 83' lang='lat' dir='ltr'>ma-</span> 
     </span>
     <span class='ocr_line' id='line_1_4' title="bbox 57 349 1478 408; baseline -0.002 -13"><span class='ocrx_word' id='word_1_23' title='bbox 57 356 190 395; x_wconf 74' lang='lat' dir='ltr'>xima</span> <span class='ocrx_word' id='word_1_24' title='bbox 211 354 247 408; x_wconf 90' lang='lat'>¹)</span> <span class='ocrx_word' id='word_1_25' title='bbox 279 359 373 405; x_wconf 79' lang='lat' dir='ltr'>est,</span> <span class='ocrx_word' id='word_1_26' title='bbox 415 363 591 391; x_wconf 82' lang='lat' dir='ltr'>omnem</span> <span class='ocrx_word' id='word_1_27' title='bbox 631 357 899 391; x_wconf 72' lang='lat' dir='ltr'><em>creaturam</em></span> <span class='ocrx_word' id='word_1_28' title='bbox 931 350 1182 391; x_wconf 75' lang='lat' dir='ltr'><em>continebit</em></span> <span class='ocrx_word' id='word_1_29' title='bbox 1199 349 1240 405; x_wconf 71' lang='grc'>2)</span> <span class='ocrx_word' id='word_1_30' title='bbox 1272 362 1302 390; x_wconf 83' lang='grc' dir='ltr'><em>α</em></span> <span class='ocrx_word' id='word_1_31' title='bbox 1333 349 1478 405; x_wconf 75' lang='lat' dir='ltr'>lapsu.</span> 
     </span>
     <span class='ocr_line' id='line_1_5' title="bbox 64 426 1479 481; baseline -0.003 -10"><span class='ocrx_word' id='word_1_32' title='bbox 64 430 190 471; x_wconf 73' lang='lat' dir='ltr'><em>Tunc</em></span> <span class='ocrx_word' id='word_1_33' title='bbox 218 430 311 470; x_wconf 81' lang='lat' dir='ltr'>erit</span> <span class='ocrx_word' id='word_1_34' title='bbox 343 429 471 470; x_wconf 77' lang='lat' dir='ltr'>Deus</span> <span class='ocrx_word' id='word_1_35' title='bbox 503 429 658 468; x_wconf 84' lang='lat' dir='ltr'>omnia</span> <span class='ocrx_word' id='word_1_36' title='bbox 691 430 737 468; x_wconf 69' lang='lat' dir='ltr'>sn</span> <span class='ocrx_word' id='word_1_37' title='bbox 769 427 995 467; x_wconf 72' lang='lat' dir='ltr'>omuibus:</span> <span class='ocrx_word' id='word_1_38' title='bbox 1028 427 1144 480; x_wconf 88' lang='lat' dir='ltr'>quod</span> <span class='ocrx_word' id='word_1_39' title='bbox 1178 426 1375 481; x_wconf 83' lang='lat' dir='ltr'>Apostoli</span> <span class='ocrx_word' id='word_1_40' title='bbox 1406 443 1479 467; x_wconf 84' lang='lat' dir='ltr'>au-</span> 
     </span>
     <span class='ocr_line' id='line_1_6' title="bbox 56 502 1479 559; baseline -0.001 -13"><span class='ocrx_word' id='word_1_41' title='bbox 56 505 247 546; x_wconf 75' lang='lat' dir='ltr'>ctoritate</span> <span class='ocrx_word' id='word_1_42' title='bbox 280 505 523 553; x_wconf 81' lang='lat' dir='ltr'>confirmat,</span> <span class='ocrx_word' id='word_1_43' title='bbox 568 503 639 559; x_wconf 83' lang='lat' dir='ltr'>qui</span> <span class='ocrx_word' id='word_1_44' title='bbox 680 504 796 543; x_wconf 83' lang='lat' dir='ltr'>nulla</span> <span class='ocrx_word' id='word_1_45' title='bbox 835 519 902 552; x_wconf 90' lang='lat' dir='ltr'>re,</span> <span class='ocrx_word' id='word_1_46' title='bbox 942 502 1254 557; x_wconf 80' lang='lat' dir='ltr'>quantumlibet</span> <span class='ocrx_word' id='word_1_47' title='bbox 1290 503 1406 555; x_wconf 81' lang='lat' dir='ltr'>gravi</span> <span class='ocrx_word' id='word_1_48' title='bbox 1437 516 1479 545; x_wconf 89' lang='lat' dir='ltr'>et</span> 
     </span>
     <span class='ocr_line' id='line_1_7' title="bbox 55 579 1474 635; baseline 0.001 -14"><span class='ocrx_word' id='word_1_49' title='bbox 55 582 258 632; x_wconf 78' lang='lat' dir='ltr'>molesta,</span> <span class='ocrx_word' id='word_1_50' title='bbox 303 598 324 622; x_wconf 88' lang='lat' dir='ltr'>a</span> <span class='ocrx_word' id='word_1_51' title='bbox 365 581 521 623; x_wconf 84' lang='lat' dir='ltr'>Christi</span> <span class='ocrx_word' id='word_1_52' title='bbox 562 580 731 621; x_wconf 77' lang='lat' dir='ltr'>caritate</span> <span class='ocrx_word' id='word_1_53' title='bbox 777 596 866 621; x_wconf 85' lang='lat' dir='ltr'>sese</span> <span class='ocrx_word' id='word_1_54' title='bbox 914 579 1061 619; x_wconf 80' lang='lat' dir='ltr'>divelli</span> <span class='ocrx_word' id='word_1_55' title='bbox 1103 596 1228 635; x_wconf 90' lang='lat' dir='ltr'>posse</span> <span class='ocrx_word' id='word_1_56' title='bbox 1268 580 1474 622; x_wconf 83' lang='lat' dir='ltr'>declarat:</span> 
     </span>
     <span class='ocr_line' id='line_1_8' title="bbox 54 656 1476 714; baseline 0 -16"><span class='ocrx_word' id='word_1_57' title='bbox 54 674 234 714; x_wconf 78' lang='lat' dir='ltr'>cumque</span> <span class='ocrx_word' id='word_1_58' title='bbox 265 658 406 698; x_wconf 86' lang='lat' dir='ltr'>Torno</span> <span class='ocrx_word' id='word_1_59' title='bbox 436 657 570 698; x_wconf 76' lang='lat' dir='ltr'>XVII.</span> <span class='ocrx_word' id='word_1_60' title='bbox 602 657 643 697; x_wconf 84' lang='lat' dir='ltr'>in</span> <span class='ocrx_word' id='word_1_61' title='bbox 670 657 948 708; x_wconf 78' lang='lat' dir='ltr'>Matthaeum,</span> <span class='ocrx_word' id='word_1_62' title='bbox 977 673 1093 697; x_wconf 87' lang='lat' dir='ltr'>num.</span> <span class='ocrx_word' id='word_1_63' title='bbox 1114 656 1197 706; x_wconf 88' lang='lat'>30.,</span> <span class='ocrx_word' id='word_1_64' title='bbox 1230 673 1324 697; x_wconf 86' lang='lat' dir='ltr'>curn</span> <span class='ocrx_word' id='word_1_65' title='bbox 1352 674 1476 713; x_wconf 82' lang='lat' dir='ltr'>quae-</span> 
     </span>
     <span class='ocr_line' id='line_1_9' title="bbox 53 733 1477 789; baseline 0 -14"><span class='ocrx_word' id='word_1_66' title='bbox 53 747 179 784; x_wconf 84' lang='lat' dir='ltr'>reret,</span> <span class='ocrx_word' id='word_1_67' title='bbox 209 751 348 776; x_wconf 82' lang='lat' dir='ltr'>annon</span> <span class='ocrx_word' id='word_1_68' title='bbox 378 734 571 774; x_wconf 79' lang='lat' dir='ltr'>homines</span> <span class='ocrx_word' id='word_1_69' title='bbox 601 734 758 789; x_wconf 78' lang='lat' dir='ltr'>pietate</span> <span class='ocrx_word' id='word_1_70' title='bbox 789 733 969 787; x_wconf 78' lang='lat' dir='ltr'>insignes</span> <span class='ocrx_word' id='word_1_71' title='bbox 1001 733 1141 787; x_wconf 11' lang='lat' dir='ltr'>angeli?</span> <span class='ocrx_word' id='word_1_72' title='bbox 1168 734 1368 785; x_wconf 82' lang='lat' dir='ltr'>evadant,</span> <span class='ocrx_word' id='word_1_73' title='bbox 1399 736 1477 775; x_wconf 90' lang='lat' dir='ltr'>du-</span> 
     </span>
     <span class='ocr_line' id='line_1_10' title="bbox 52 810 1476 868; baseline 0.001 -16"><span class='ocrx_word' id='word_1_74' title='bbox 52 811 254 853; x_wconf 81' lang='lat' dir='ltr'>bitantem</span> <span class='ocrx_word' id='word_1_75' title='bbox 294 827 339 851; x_wconf 87' lang='lat' dir='ltr'>se</span> <span class='ocrx_word' id='word_1_76' title='bbox 382 823 423 852; x_wconf 88' lang='lat' dir='ltr'>et</span> <span class='ocrx_word' id='word_1_77' title='bbox 458 811 667 852; x_wconf 77' lang='lat' dir='ltr'>incertum</span> <span class='ocrx_word' id='word_1_78' title='bbox 707 811 809 852; x_wconf 85' lang='lat' dir='ltr'>haec</span> <span class='ocrx_word' id='word_1_79' title='bbox 840 810 1093 867; x_wconf 74' lang='lat' dir='ltr'>perscrutari</span> <span class='ocrx_word' id='word_1_80' title='bbox 1123 810 1254 852; x_wconf 84' lang='lat' dir='ltr'>dicat:</span> <span class='ocrx_word' id='word_1_81' title='bbox 1296 829 1476 868; x_wconf 90' lang='lat' dir='ltr'>cumque</span> 
     </span>
     <span class='ocr_line' id='line_1_11' title="bbox 54 887 1476 944; baseline 0.001 -16"><span class='ocrx_word' id='word_1_82' title='bbox 54 888 140 929; x_wconf 82' lang='lat' dir='ltr'>alio</span> <span class='ocrx_word' id='word_1_83' title='bbox 174 888 296 938; x_wconf 87' lang='lat' dir='ltr'>loco,</span> <span class='ocrx_word' id='word_1_84' title='bbox 326 899 552 944; x_wconf 86' lang='lat' dir='ltr'>postquam</span> <span class='ocrx_word' id='word_1_85' title='bbox 594 888 646 928; x_wconf 90' lang='lat' dir='ltr'>de</span> <span class='ocrx_word' id='word_1_86' title='bbox 685 887 841 940; x_wconf 82' lang='lat' dir='ltr'>angelis</span> <span class='ocrx_word' id='word_1_87' title='bbox 884 887 986 942; x_wconf 84' lang='lat' dir='ltr'>quid</span> <span class='ocrx_word' id='word_1_88' title='bbox 1020 888 1197 928; x_wconf 78' lang='lat' dir='ltr'><strong>sentiret</strong></span> <span class='ocrx_word' id='word_1_89' title='bbox 1236 889 1476 944; x_wconf 79' lang='lat' dir='ltr'>explicavit,</span> 
     </span>
     <span class='ocr_line' id='line_1_12' title="bbox 54 965 1477 1022; baseline 0.002 -16"><span class='ocrx_word' id='word_1_90' title='bbox 54 966 151 1006; x_wconf 79' lang='lat' dir='ltr'>talia</span> <span class='ocrx_word' id='word_1_91' title='bbox 182 967 482 1022; x_wconf 79' lang='lat' dir='ltr'>subnectat:³)</span> <span class='ocrx_word' id='word_1_92' title='bbox 513 965 643 1008; x_wconf 78' lang='lat' dir='ltr'>Haec</span> <span class='ocrx_word' id='word_1_93' title='bbox 661 966 815 1021; x_wconf 66' lang='lat' dir='ltr'><em>juxta</em></span> <span class='ocrx_word' id='word_1_94' title='bbox 845 972 1056 1006; x_wconf 76' lang='lat' dir='ltr'>nostram</span> <span class='ocrx_word' id='word_1_95' title='bbox 1075 967 1355 1008; x_wconf 78' lang='lat' dir='ltr'>sententiam</span> <span class='ocrx_word' id='word_1_96' title='bbox 1385 980 1477 1009; x_wconf 72' lang='lat' dir='ltr'>nou</span> 
     </span>
     <span class='ocr_line' id='line_1_13' title="bbox 56 1041 1475 1100; baseline 0.001 -16"><span class='ocrx_word' id='word_1_97' title='bbox 56 1045 154 1085; x_wconf 80' lang='lat' dir='ltr'>siut</span> <span class='ocrx_word' id='word_1_98' title='bbox 185 1041 434 1098; x_wconf 78' lang='lat' dir='ltr'><em>dogmata,</em></span> <span class='ocrx_word' id='word_1_99' title='bbox 478 1041 561 1084; x_wconf 82' lang='lat' dir='ltr'>sed</span> <span class='ocrx_word' id='word_1_100' title='bbox 585 1044 796 1098; x_wconf 79' lang='lat' dir='ltr'>quaesita</span> <span class='ocrx_word' id='word_1_101' title='bbox 831 1047 1040 1095; x_wconf 80' lang='lat' dir='ltr'><em>tantum,</em></span> <span class='ocrx_word' id='word_1_102' title='bbox 1079 1049 1215 1098; x_wconf 83' lang='lat' dir='ltr'>atque</span> <span class='ocrx_word' id='word_1_103' title='bbox 1248 1045 1475 1100; x_wconf 74' lang='lat' dir='ltr'><em>prosecta,</em></span> 
     </span>
    </p>
   </div>
   <div class='ocr_carea' id='block_1_3' title="bbox 53 1116 1477 1253">
    <p class='ocr_par' dir='ltr' id='par_1_3' title="bbox 53 1116 1477 1253">
     <span class='ocr_line' id='line_1_14' title="bbox 53 1116 931 1177; baseline -0.003 -15"><span class='ocrx_word' id='word_1_104' title='bbox 53 1134 110 1162; x_wconf 77' lang='lat' dir='ltr'>m&gt;</span> <span class='ocrx_word' id='word_1_105' title='bbox 135 1122 320 1177; x_wconf 76' lang='lat' dir='ltr'>penitus</span> <span class='ocrx_word' id='word_1_106' title='bbox 348 1123 618 1162; x_wconf 77' lang='lat' dir='ltr'>intractata</span> <span class='ocrx_word' id='word_1_107' title='bbox 648 1116 931 1161; x_wconf 75' lang='lat' dir='ltr'>viderentur.</span> 
     </span>
     <span class='ocr_line' id='line_1_15' title="bbox 162 1196 1477 1253; baseline 0.001 -14"><span class='ocrx_word' id='word_1_108' title='bbox 162 1198 280 1239; x_wconf 79' lang='lat' dir='ltr'><strong>XVI.</strong></span> <span class='ocrx_word' id='word_1_109' title='bbox 338 1199 434 1238; x_wconf 76' lang='lat' dir='ltr'>Jam</span> <span class='ocrx_word' id='word_1_110' title='bbox 466 1214 566 1238; x_wconf 90' lang='lat' dir='ltr'>vero</span> <span class='ocrx_word' id='word_1_111' title='bbox 599 1196 722 1253; x_wconf 77' lang='lat' dir='ltr'>ecqui</span> <span class='ocrx_word' id='word_1_112' title='bbox 752 1196 980 1237; x_wconf 80' lang='lat' dir='ltr'><strong>damnosae</strong></span> <span class='ocrx_word' id='word_1_113' title='bbox 1004 1196 1102 1237; x_wconf 85' lang='lat' dir='ltr'>huic</span> <span class='ocrx_word' id='word_1_114' title='bbox 1131 1212 1297 1237; x_wconf 81' lang='lat' dir='ltr'>caussae</span> <span class='ocrx_word' id='word_1_115' title='bbox 1326 1198 1477 1240; x_wconf 83' lang='lat' dir='ltr'>suffra-</span> 
     </span>
    </p>
   </div>
   <div class='ocr_carea' id='block_1_4' title="bbox 22 1273 1476 1334">
    <p class='ocr_par' dir='ltr' id='par_1_4' title="bbox 22 1273 1476 1334">
     <span class='ocr_line' id='line_1_16' title="bbox 22 1273 1476 1334; baseline 0.001 -19"><span class='ocrx_word' id='word_1_116' title='bbox 22 1286 216 1327; x_wconf 48' lang='lat' dir='ltr'>,gentum</span> <span class='ocrx_word' id='word_1_117' title='bbox 247 1274 528 1330; x_wconf 81' lang='lat' dir='ltr'>anquiramus.</span> <span class='ocrx_word' id='word_1_118' title='bbox 588 1275 652 1315; x_wconf 86' lang='lat' dir='ltr'>Ae</span> <span class='ocrx_word' id='word_1_119' title='bbox 685 1274 870 1329; x_wconf 84' lang='lat' dir='ltr'>primum</span> <span class='ocrx_word' id='word_1_120' title='bbox 903 1274 1073 1326; x_wconf 83' lang='lat' dir='ltr'>angelos</span> <span class='ocrx_word' id='word_1_121' title='bbox 1106 1284 1148 1313; x_wconf 89' lang='lat' dir='ltr'>et</span> <span class='ocrx_word' id='word_1_122' title='bbox 1177 1273 1370 1316; x_wconf 82' lang='lat' dir='ltr'>homines</span> <span class='ocrx_word' id='word_1_123' title='bbox 1402 1277 1476 1334; x_wconf 78' lang='lat' dir='ltr'>hy-</span> 
     </span>
    </p>
   </div>
   <div class='ocr_carea' id='block_1_5' title="bbox 49 1350 1478 2024">
    <p class='ocr_par' dir='ltr' id='par_1_5' title="bbox 49 1350 1478 2024">
     <span class='ocr_line' id='line_1_17' title="bbox 50 1350 1475 1408; baseline 0 -16"><span class='ocrx_word' id='word_1_124' title='bbox 50 1352 210 1408; x_wconf 70' lang='lat' dir='ltr'>postasl</span> <span class='ocrx_word' id='word_1_125' title='bbox 250 1351 424 1407; x_wconf 79' lang='lat' dir='ltr'>quidem</span> <span class='ocrx_word' id='word_1_126' title='bbox 465 1351 732 1407; x_wconf 79' lang='lat' dir='ltr'>discrepare,</span> <span class='ocrx_word' id='word_1_127' title='bbox 782 1363 823 1391; x_wconf 82' lang='lat' dir='ltr'>at</span> <span class='ocrx_word' id='word_1_128' title='bbox 861 1351 1039 1391; x_wconf 80' lang='lat' dir='ltr'>eandem</span> <span class='ocrx_word' id='word_1_129' title='bbox 1079 1350 1234 1390; x_wconf 82' lang='lat' dir='ltr'>habere</span> <span class='ocrx_word' id='word_1_130' title='bbox 1270 1362 1475 1403; x_wconf 78' lang='lat' dir='ltr'>naturam,</span> 
     </span>
     <span class='ocr_line' id='line_1_18' title="bbox 51 1426 1478 1486; baseline 0.001 -18"><span class='ocrx_word' id='word_1_131' title='bbox 51 1429 158 1469; x_wconf 80' lang='lat' dir='ltr'>dixit</span> <span class='ocrx_word' id='word_1_132' title='bbox 187 1429 603 1470; x_wconf 79' lang='lat' dir='ltr'>Joann.Damascen.</span> <span class='ocrx_word' id='word_1_133' title='bbox 635 1427 707 1467; x_wconf 82' lang='lat' dir='ltr'>lib.</span> <span class='ocrx_word' id='word_1_134' title='bbox 742 1428 793 1467; x_wconf 89' lang='lat' dir='ltr'>de</span> <span class='ocrx_word' id='word_1_135' title='bbox 825 1428 984 1468; x_wconf 86' lang='lat' dir='ltr'>duabus</span> <span class='ocrx_word' id='word_1_136' title='bbox 1010 1426 1310 1469; x_wconf 76' lang='lat' dir='ltr'>voluntatibus.</span> <span class='ocrx_word' id='word_1_137' title='bbox 1356 1429 1478 1486; x_wconf 90' lang='lat' dir='ltr'>Ejus-</span> 
     </span>
     <span class='ocr_line' id='line_1_19' title="bbox 52 1503 1477 1557; baseline 0.002 -12"><span class='ocrx_word' id='word_1_138' title='bbox 52 1506 150 1546; x_wconf 85' lang='lat' dir='ltr'>dem</span> <span class='ocrx_word' id='word_1_139' title='bbox 182 1520 281 1545; x_wconf 88' lang='lat' dir='ltr'>vero</span> <span class='ocrx_word' id='word_1_140' title='bbox 315 1520 402 1545; x_wconf 88' lang='lat' dir='ltr'>esse</span> <span class='ocrx_word' id='word_1_141' title='bbox 433 1506 602 1557; x_wconf 82' lang='lat' dir='ltr'><strong>angelos</strong></span> <span class='ocrx_word' id='word_1_142' title='bbox 643 1503 753 1544; x_wconf 86' lang='lat' dir='ltr'>inter</span> <span class='ocrx_word' id='word_1_143' title='bbox 793 1520 835 1544; x_wconf 90' lang='lat' dir='ltr'>se</span> <span class='ocrx_word' id='word_1_144' title='bbox 866 1516 1060 1554; x_wconf 83' lang='lat' dir='ltr'>naturae,</span> <span class='ocrx_word' id='word_1_145' title='bbox 1111 1515 1230 1544; x_wconf 80' lang='lat' dir='ltr'>tanto</span> <span class='ocrx_word' id='word_1_146' title='bbox 1272 1521 1477 1548; x_wconf 87' lang='lat' dir='ltr'>consensu</span> 
     </span>
     <span class='ocr_line' id='line_1_20' title="bbox 50 1581 1476 1635; baseline 0.001 -12"><span class='ocrx_word' id='word_1_147' title='bbox 50 1582 196 1623; x_wconf 77' lang='lat' dir='ltr'>Patres</span> <span class='ocrx_word' id='word_1_148' title='bbox 227 1582 506 1635; x_wconf 79' lang='lat' dir='ltr'>affirmarunt,</span> <span class='ocrx_word' id='word_1_149' title='bbox 538 1594 585 1622; x_wconf 86' lang='lat' dir='ltr'>ut</span> <span class='ocrx_word' id='word_1_150' title='bbox 614 1581 720 1622; x_wconf 85' lang='lat' dir='ltr'>hanc</span> <span class='ocrx_word' id='word_1_151' title='bbox 761 1581 887 1622; x_wconf 72' lang='lat' dir='ltr'>fuisse</span> <span class='ocrx_word' id='word_1_152' title='bbox 921 1581 1120 1621; x_wconf 77' lang='lat' dir='ltr'>ecclesiae</span> <span class='ocrx_word' id='word_1_153' title='bbox 1150 1581 1368 1623; x_wconf 79' lang='lat' dir='ltr'>universae</span> <span class='ocrx_word' id='word_1_154' title='bbox 1400 1584 1476 1624; x_wconf 84' lang='lat' dir='ltr'>(lo-</span> 
     </span>
     <span class='ocr_line' id='line_1_21' title="bbox 51 1658 1475 1715; baseline 0.001 -16"><span class='ocrx_word' id='word_1_155' title='bbox 51 1658 226 1699; x_wconf 78' lang='lat' dir='ltr'>ctrinam</span> <span class='ocrx_word' id='word_1_156' title='bbox 257 1675 280 1699; x_wconf 84' lang='lat' dir='ltr'>a</span> <span class='ocrx_word' id='word_1_157' title='bbox 308 1658 527 1700; x_wconf 85' lang='lat' dir='ltr'>nonnullis</span> <span class='ocrx_word' id='word_1_158' title='bbox 557 1658 776 1715; x_wconf 87' lang='lat' dir='ltr'>proditum</span> <span class='ocrx_word' id='word_1_159' title='bbox 809 1658 882 1698; x_wconf 83' lang='lat' dir='ltr'>sit:</span> <span class='ocrx_word' id='word_1_160' title='bbox 929 1660 1038 1699; x_wconf 89' lang='lat' dir='ltr'>bene</span> <span class='ocrx_word' id='word_1_161' title='bbox 1077 1670 1218 1698; x_wconf 86' lang='lat' dir='ltr'>autem</span> <span class='ocrx_word' id='word_1_162' title='bbox 1258 1660 1327 1699; x_wconf 87' lang='lat' dir='ltr'>vel</span> <span class='ocrx_word' id='word_1_163' title='bbox 1365 1662 1475 1702; x_wconf 81' lang='lat' dir='ltr'>male</span> 
     </span>
     <span class='ocr_line' id='line_1_22' title="bbox 49 1735 1477 1792; baseline 0.001 -15"><span class='ocrx_word' id='word_1_164' title='bbox 49 1753 169 1789; x_wconf 86' lang='lat' dir='ltr'>agere</span> <span class='ocrx_word' id='word_1_165' title='bbox 201 1753 326 1792; x_wconf 87' lang='lat' dir='ltr'>posse</span> <span class='ocrx_word' id='word_1_166' title='bbox 357 1737 526 1789; x_wconf 80' lang='lat' dir='ltr'>angelos</span> <span class='ocrx_word' id='word_1_167' title='bbox 559 1748 599 1776; x_wconf 86' lang='lat' dir='ltr'>et</span> <span class='ocrx_word' id='word_1_168' title='bbox 627 1738 868 1785; x_wconf 85' lang='lat' dir='ltr'>daemones,</span> <span class='ocrx_word' id='word_1_169' title='bbox 899 1748 996 1791; x_wconf 90' lang='lat' dir='ltr'>post</span> <span class='ocrx_word' id='word_1_170' title='bbox 1019 1735 1247 1788; x_wconf 76' lang='lat' dir='ltr'>Origenem</span> <span class='ocrx_word' id='word_1_171' title='bbox 1279 1737 1358 1778; x_wconf 83' lang='lat' dir='ltr'>viri</span> <span class='ocrx_word' id='word_1_172' title='bbox 1386 1754 1477 1790; x_wconf 78' lang='lat' dir='ltr'>gra-</span> 
     </span>
     <span class='ocr_line' id='line_1_23' title="bbox 53 1813 1475 1869; baseline 0.001 -15"><span class='ocrx_word' id='word_1_173' title='bbox 53 1830 123 1854; x_wconf 87' lang='lat' dir='ltr'>ves</span> <span class='ocrx_word' id='word_1_174' title='bbox 157 1813 320 1869; x_wconf 78' lang='lat' dir='ltr'>opinati</span> <span class='ocrx_word' id='word_1_175' title='bbox 348 1825 457 1854; x_wconf 89' lang='lat' dir='ltr'>sunt.</span> <span class='ocrx_word' id='word_1_176' title='bbox 520 1814 768 1854; x_wconf 86' lang='lat' dir='ltr'>Ambrosius</span> <span class='ocrx_word' id='word_1_177' title='bbox 800 1813 909 1853; x_wconf 89' lang='lat' dir='ltr'>hunc</span> <span class='ocrx_word' id='word_1_178' title='bbox 942 1828 1155 1868; x_wconf 81' lang='lat' dir='ltr'>exponens</span> <span class='ocrx_word' id='word_1_179' title='bbox 1171 1813 1296 1854; x_wconf 81' lang='lat' dir='ltr'>Pauli</span> <span class='ocrx_word' id='word_1_180' title='bbox 1330 1815 1475 1856; x_wconf 86' lang='lat' dir='ltr'>locum</span> 
     </span>
     <span class='ocr_line' id='line_1_24' title="bbox 50 1889 1474 1948; baseline 0.001 -17"><span class='ocrx_word' id='word_1_181' title='bbox 50 1891 104 1931; x_wconf 83' lang='lat' dir='ltr'>ad</span> <span class='ocrx_word' id='word_1_182' title='bbox 133 1890 293 1945; x_wconf 82' lang='lat' dir='ltr'>EpheS.</span> <span class='ocrx_word' id='word_1_183' title='bbox 325 1890 413 1940; x_wconf 87' lang='lat' dir='ltr'><strong>III,</strong></span> <span class='ocrx_word' id='word_1_184' title='bbox 456 1889 542 1940; x_wconf 78' lang='lat' dir='ltr'>lO.,</span> <span class='ocrx_word' id='word_1_185' title='bbox 581 1891 808 1931; x_wconf 83' lang='lat' dir='ltr'>daemones</span> <span class='ocrx_word' id='word_1_186' title='bbox 847 1891 898 1930; x_wconf 88' lang='lat' dir='ltr'>ab</span> <span class='ocrx_word' id='word_1_187' title='bbox 939 1905 1083 1929; x_wconf 84' lang='lat' dir='ltr'>errore</span> <span class='ocrx_word' id='word_1_188' title='bbox 1119 1891 1312 1931; x_wconf 83' lang='lat' dir='ltr'>revocari</span> <span class='ocrx_word' id='word_1_189' title='bbox 1350 1908 1474 1948; x_wconf 88' lang='lat' dir='ltr'>posse</span> 
     </span>
     <span class='ocr_line' id='line_1_25' title="bbox 49 1966 1473 2024; baseline 0.001 -17"><span class='ocrx_word' id='word_1_190' title='bbox 49 1984 127 2024; x_wconf 85' lang='lat' dir='ltr'>per</span> <span class='ocrx_word' id='word_1_191' title='bbox 157 1967 401 2017; x_wconf 81' lang='lat' dir='ltr'>ecclesiam,</span> <span class='ocrx_word' id='word_1_192' title='bbox 446 1979 488 2007; x_wconf 88' lang='lat' dir='ltr'>et</span> <span class='ocrx_word' id='word_1_193' title='bbox 531 1983 554 2008; x_wconf 82' lang='lat' dir='ltr'>a</span> <span class='ocrx_word' id='word_1_194' title='bbox 594 1967 756 2008; x_wconf 76' lang='lat' dir='ltr'>diaboli</span> <span class='ocrx_word' id='word_1_195' title='bbox 799 1966 1013 2008; x_wconf 80' lang='lat' dir='ltr'>consortio</span> <span class='ocrx_word' id='word_1_196' title='bbox 1053 1967 1261 2020; x_wconf 80' lang='lat' dir='ltr'>segregari</span> <span class='ocrx_word' id='word_1_197' title='bbox 1301 1970 1473 2009; x_wconf 83' lang='lat' dir='ltr'>censuit.</span> 
     </span>
    </p>
   </div>
   <div class='ocr_carea' id='block_1_6' title="bbox 51 2044 1472 2102">
    <p class='ocr_par' dir='ltr' id='par_1_6' title="bbox 51 2044 1472 2102">
     <span class='ocr_line' id='line_1_26' title="bbox 51 2044 1472 2102; baseline 0 -16"><span class='ocrx_word' id='word_1_198' title='bbox 51 2046 335 2102; x_wconf 70' lang='lat' dir='ltr'>Hieronymus</span> <span class='ocrx_word' id='word_1_199' title='bbox 373 2045 416 2085; x_wconf 84' lang='lat' dir='ltr'>in</span> <span class='ocrx_word' id='word_1_200' title='bbox 456 2044 644 2102; x_wconf 83' lang='lat' dir='ltr'>ejusdem</span> <span class='ocrx_word' id='word_1_201' title='bbox 687 2045 892 2100; x_wconf 82' lang='lat' dir='ltr'>epistolae</span> <span class='ocrx_word' id='word_1_202' title='bbox 924 2060 1011 2100; x_wconf 85' lang='lat' dir='ltr'>cap.</span> <span class='ocrx_word' id='word_1_203' title='bbox 1044 2045 1080 2087; x_wconf 86' lang='lat'>1.</span> <span class='ocrx_word' id='word_1_204' title='bbox 1113 2060 1219 2085; x_wconf 84' lang='lat' dir='ltr'>vers.</span> <span class='ocrx_word' id='word_1_205' title='bbox 1246 2044 1314 2087; x_wconf 85' lang='lat'>22.</span> <span class='ocrx_word' id='word_1_206' title='bbox 1378 2044 1472 2087; x_wconf 80' lang='lat' dir='ltr'>Cur</span> 
     </span>
    </p>
   </div>
   <div class='ocr_carea' id='block_1_7' title="bbox 0 2109 1471 2178">
    <p class='ocr_par' dir='ltr' id='par_1_7' title="bbox 0 2109 1471 2178">
     <span class='ocr_line' id='line_1_27' title="bbox 0 2109 1471 2178; baseline -0.001 -14"><span class='ocrx_word' id='word_1_207' title='bbox 0 2109 2 2114; x_wconf 41' lang='grc'>’</span> <span class='ocrx_word' id='word_1_208' title='bbox 50 2129 205 2165; x_wconf 81' lang='lat' dir='ltr'>autem</span> <span class='ocrx_word' id='word_1_209' title='bbox 225 2124 395 2172; x_wconf 80' lang='lat' dir='ltr'>onmia,</span> <span class='ocrx_word' id='word_1_210' title='bbox 427 2120 576 2177; x_wconf 83' lang='lat' dir='ltr'>inquit,</span> <span class='ocrx_word' id='word_1_211' title='bbox 605 2119 754 2172; x_wconf 82' lang='lat' dir='ltr'>idest,</span> <span class='ocrx_word' id='word_1_212' title='bbox 787 2122 960 2178; x_wconf 76' lang='lat' dir='ltr'>augeli,</span> <span class='ocrx_word' id='word_1_213' title='bbox 993 2119 1163 2171; x_wconf 73' lang='lat' dir='ltr'>throni,</span> <span class='ocrx_word' id='word_1_214' title='bbox 1195 2119 1471 2164; x_wconf 79' lang='lat' dir='ltr'>dominatio-</span> 
     </span>
    </p>
   </div>
   <div class='ocr_carea' id='block_1_8' title="bbox 0 2267 4 2472">
    <p class='ocr_par' dir='ltr' id='par_1_8' title="bbox 0 2267 4 2472">
     <span class='ocr_line' id='line_1_28' title="bbox 0 2267 2 2296; baseline 0 0"><span class='ocrx_word' id='word_1_215' title='bbox 0 2267 2 2296; x_wconf 69' lang='grc' dir='ltr'>Ι</span> 
     </span>
     <span class='ocr_line' id='line_1_29' title="bbox 0 2346 3 2432; baseline 0 0"><span class='ocrx_word' id='word_1_216' title='bbox 0 2346 3 2432; x_wconf 80' lang='grc' dir='ltr'>Ξ</span> 
     </span>
     <span class='ocr_line' id='line_1_30' title="bbox 0 2452 4 2472; baseline 0 0"><span class='ocrx_word' id='word_1_217' title='bbox 0 2452 4 2472; x_wconf 94' lang='grc' dir='ltr'>ι</span> 
     </span>
    </p>
   </div>
   <div class='ocr_carea' id='block_1_9' title="bbox 0 2579 6 2659">
    <p class='ocr_par' dir='ltr' id='par_1_9' title="bbox 0 2579 6 2659">
     <span class='ocr_line' id='line_1_31' title="bbox 0 2579 5 2609; baseline 0 0"><span class='ocrx_word' id='word_1_218' title='bbox 0 2579 5 2609; x_wconf 68' lang='grc' dir='ltr'>ἰ</span> 
     </span>
     <span class='ocr_line' id='line_1_32' title="bbox 0 2633 6 2659; baseline 0 0"><span class='ocrx_word' id='word_1_219' title='bbox 0 2633 6 2659; x_wconf 66' lang='grc' dir='ltr'>ἰ</span> 
     </span>
    </p>
   </div>
   <div class='ocr_carea' id='block_1_10' title="bbox 0 2659 6 2775">
    <p class='ocr_par' dir='ltr' id='par_1_10' title="bbox 0 2659 6 2775">
     <span class='ocr_line' id='line_1_33' title="bbox 0 2659 6 2775; baseline 0 0"><span class='ocrx_word' id='word_1_220' title='bbox 0 2659 6 2775; x_wconf 62' lang='grc' dir='ltr'>ἱ</span> 
     </span>
    </p>
   </div>
   <div class='ocr_carea' id='block_1_11' title="bbox 0 2778 8 2889">
    <p class='ocr_par' dir='ltr' id='par_1_11' title="bbox 0 2778 8 2889">
     <span class='ocr_line' id='line_1_34' title="bbox 0 2778 8 2889; baseline 0 236"><span class='ocrx_word' id='word_1_221' title='bbox 0 2778 8 2889; x_wconf 95' lang='lat' dir='ltr'> </span> 
     </span>
    </p>
   </div>
   <div class='ocr_carea' id='block_1_12' title="bbox 49 2200 1474 2410">
    <p class='ocr_par' dir='ltr' id='par_1_12' title="bbox 49 2200 1474 2410">
     <span class='ocr_line' id='line_1_35' title="bbox 51 2200 1474 2256; baseline -0.001 -15"><span class='ocrx_word' id='word_1_222' title='bbox 51 2213 151 2251; x_wconf 78' lang='lat' dir='ltr'>uos,</span> <span class='ocrx_word' id='word_1_223' title='bbox 198 2205 475 2256; x_wconf 74' lang='lat' dir='ltr'>potestates,</span> <span class='ocrx_word' id='word_1_224' title='bbox 525 2205 572 2240; x_wconf 83' lang='lat' dir='ltr'>et</span> <span class='ocrx_word' id='word_1_225' title='bbox 601 2200 798 2240; x_wconf 76' lang='lat' dir='ltr'>virtutes</span> <span class='ocrx_word' id='word_1_226' title='bbox 828 2204 1034 2250; x_wconf 82' lang='lat' dir='ltr'>ceterae,</span> <span class='ocrx_word' id='word_1_227' title='bbox 1085 2211 1200 2255; x_wconf 81' lang='lat' dir='ltr'>quae</span> <span class='ocrx_word' id='word_1_228' title='bbox 1239 2211 1474 2254; x_wconf 76' lang='lat' dir='ltr'>nunquam</span> 
     </span>
     <span class='ocr_line' id='line_1_36' title="bbox 49 2273 1474 2332; baseline 0.001 -15"><span class='ocrx_word' id='word_1_229' title='bbox 49 2276 244 2329; x_wconf 70' lang='lat' dir='ltr'>fuerunt</span> <span class='ocrx_word' id='word_1_230' title='bbox 277 2276 547 2317; x_wconf 72' lang='lat' dir='ltr'>contrariae</span> <span class='ocrx_word' id='word_1_231' title='bbox 565 2274 682 2330; x_wconf 79' lang='lat' dir='ltr'>Deo,</span> <span class='ocrx_word' id='word_1_232' title='bbox 714 2275 811 2331; x_wconf 76' lang='lat' dir='ltr'>ejus</span> <span class='ocrx_word' id='word_1_233' title='bbox 829 2273 1022 2332; x_wconf 77' lang='lat' dir='ltr'>pedibus</span> <span class='ocrx_word' id='word_1_234' title='bbox 1050 2274 1380 2331; x_wconf 73' lang='lat' dir='ltr'>subjiciantur,</span> <span class='ocrx_word' id='word_1_235' title='bbox 1410 2278 1474 2318; x_wconf 81' lang='lat' dir='ltr'>vi-</span> 
     </span>
     <span class='ocr_line' id='line_1_37' title="bbox 51 2350 1472 2410; baseline 0 -15"><span class='ocrx_word' id='word_1_236' title='bbox 51 2351 186 2395; x_wconf 75' lang='lat' dir='ltr'>detur</span> <span class='ocrx_word' id='word_1_237' title='bbox 215 2356 469 2395; x_wconf 73' lang='lat' dir='ltr'>obscurum.</span> <span class='ocrx_word' id='word_1_238' title='bbox 528 2351 687 2395; x_wconf 84' lang='lat' dir='ltr'>Potest</span> <span class='ocrx_word' id='word_1_239' title='bbox 717 2355 874 2408; x_wconf 82' lang='lat' dir='ltr'>itaque</span> <span class='ocrx_word' id='word_1_240' title='bbox 903 2350 1193 2410; x_wconf 77' lang='lat' dir='ltr'>responderi,</span> <span class='ocrx_word' id='word_1_241' title='bbox 1224 2350 1344 2408; x_wconf 83' lang='lat' dir='ltr'>quod</span> <span class='ocrx_word' id='word_1_242' title='bbox 1371 2351 1472 2396; x_wconf 76' lang='lat' dir='ltr'>abs-</span> 
     </span>
    </p>
   </div>
   <div class='ocr_carea' id='block_1_13' title="bbox 172 2560 705 2618">
    <p class='ocr_par' dir='ltr' id='par_1_13' title="bbox 172 2560 705 2618">
     <span class='ocr_line' id='line_1_38' title="bbox 172 2560 705 2618; baseline 0.006 -17"><span class='ocrx_word' id='word_1_243' title='bbox 172 2561 212 2616; x_wconf 91' lang='lat'>¹)</span> <span class='ocrx_word' id='word_1_244' title='bbox 241 2560 322 2604; x_wconf 89' lang='lat' dir='ltr'>Ed.</span> <span class='ocrx_word' id='word_1_245' title='bbox 351 2561 507 2602; x_wconf 84' lang='lat' dir='ltr'>Ruaei:</span> <span class='ocrx_word' id='word_1_246' title='bbox 540 2563 705 2618; x_wconf 79' lang='lat' dir='ltr'>major.</span> 
     </span>
    </p>
   </div>
   <div class='ocr_carea' id='block_1_14' title="bbox 50 2630 1474 2739">
    <p class='ocr_par' dir='ltr' id='par_1_14' title="bbox 50 2630 1474 2739">
     <span class='ocr_line' id='line_1_39' title="bbox 167 2630 1474 2690; baseline 0.006 -20"><span class='ocrx_word' id='word_1_247' title='bbox 167 2630 210 2686; x_wconf 83' lang='grc'>2)</span> <span class='ocrx_word' id='word_1_248' title='bbox 240 2631 349 2673; x_wconf 89' lang='lat' dir='ltr'><strong>Edd.</strong></span> <span class='ocrx_word' id='word_1_249' title='bbox 380 2631 548 2672; x_wconf 85' lang='lat' dir='ltr'>Huetii:</span> <span class='ocrx_word' id='word_1_250' title='bbox 584 2631 833 2674; x_wconf 75' lang='lat' dir='ltr'>continebit</span> <span class='ocrx_word' id='word_1_251' title='bbox 866 2647 895 2675; x_wconf 84' lang='lat' dir='ltr'><strong><em>a</em></strong></span> <span class='ocrx_word' id='word_1_252' title='bbox 926 2634 1068 2690; x_wconf 78' lang='lat' dir='ltr'>lapsu,</span> <span class='ocrx_word' id='word_1_253' title='bbox 1102 2641 1211 2677; x_wconf 78' lang='lat' dir='ltr'>tunc</span> <span class='ocrx_word' id='word_1_254' title='bbox 1232 2636 1351 2676; x_wconf 79' lang='lat' dir='ltr'>enim</span> <span class='ocrx_word' id='word_1_255' title='bbox 1382 2637 1474 2678; x_wconf 84' lang='lat' dir='ltr'>erit</span> 
     </span>
     <span class='ocr_line' id='line_1_40' title="bbox 50 2686 899 2739; baseline 0.004 -11"><span class='ocrx_word' id='word_1_256' title='bbox 50 2686 176 2728; x_wconf 74' lang='lat' dir='ltr'>Dens</span> <span class='ocrx_word' id='word_1_257' title='bbox 208 2699 286 2729; x_wconf 84' lang='lat' dir='ltr'>etc.</span> <span class='ocrx_word' id='word_1_258' title='bbox 318 2712 372 2720; x_wconf 89' lang='lat'>-—</span> <span class='ocrx_word' id='word_1_259' title='bbox 404 2688 491 2729; x_wconf 82' lang='lat' dir='ltr'>Cfr.</span> <span class='ocrx_word' id='word_1_260' title='bbox 524 2690 541 2728; x_wconf 89' lang='grc' dir='ltr'>Ι</span> <span class='ocrx_word' id='word_1_261' title='bbox 577 2689 676 2731; x_wconf 86' lang='lat' dir='ltr'>Cor.</span> <span class='ocrx_word' id='word_1_262' title='bbox 707 2690 802 2739; x_wconf 88' lang='lat' dir='ltr'>XV,</span> <span class='ocrx_word' id='word_1_263' title='bbox 832 2690 899 2733; x_wconf 77' lang='lat'>28.</span> 
     </span>
    </p>
   </div>
   <div class='ocr_carea' id='block_1_15' title="bbox 50 2755 1470 2867">
    <p class='ocr_par' dir='ltr' id='par_1_15' title="bbox 50 2755 1470 2867">
     <span class='ocr_line' id='line_1_41' title="bbox 163 2755 1470 2855; baseline 0.003 -58"><span class='ocrx_word' id='word_1_264' title='bbox 163 2755 326 2855; x_wconf 76' lang='lat' dir='ltr'>³1)Cfr.</span> <span class='ocrx_word' id='word_1_265' title='bbox 369 2757 538 2810; x_wconf 81' lang='lat' dir='ltr'>Origen.</span> <span class='ocrx_word' id='word_1_266' title='bbox 590 2760 703 2815; x_wconf 77' lang='lat' dir='ltr'>apud</span> <span class='ocrx_word' id='word_1_267' title='bbox 744 2759 991 2817; x_wconf 64' lang='lat' dir='ltr'>Hieronym.</span> <span class='ocrx_word' id='word_1_268' title='bbox 1044 2776 1108 2816; x_wconf 90' lang='lat' dir='ltr'>ep.</span> <span class='ocrx_word' id='word_1_269' title='bbox 1158 2760 1210 2800; x_wconf 81' lang='lat' dir='ltr'>ad</span> <span class='ocrx_word' id='word_1_270' title='bbox 1254 2760 1365 2801; x_wconf 79' lang='lat' dir='ltr'>Avit.</span> <span class='ocrx_word' id='word_1_271' title='bbox 1406 2761 1470 2803; x_wconf 80' lang='grc'>59.</span> 
     </span>
     <span class='ocr_line' id='line_1_42' title="bbox 50 2827 210 2867; baseline 0.013 -15"><span class='ocrx_word' id='word_1_272' title='bbox 50 2827 138 2867; x_wconf 80' lang='lat' dir='ltr'>cap.</span> <span class='ocrx_word' id='word_1_273' title='bbox 200 2844 210 2854; x_wconf 91' lang='lat'><em>.</em></span> 
     </span>
    </p>
   </div>
   <div class='ocr_carea' id='block_1_16' title="bbox 0 2887 1226 2935">
    <p class='ocr_par' dir='ltr' id='par_1_16' title="bbox 0 2887 1226 2935">
     <span class='ocr_line' id='line_1_43' title="bbox 0 2887 1226 2935; baseline 0.002 -3"><span class='ocrx_word' id='word_1_274' title='bbox 0 2891 9 2932; x_wconf 63' lang='lat' dir='ltr'>&#39;f&#39;</span> <span class='ocrx_word' id='word_1_275' title='bbox 63 2888 286 2932; x_wconf 73' lang='lat' dir='ltr'>Omossms</span> <span class='ocrx_word' id='word_1_276' title='bbox 319 2887 492 2934; x_wconf 57' lang='lat' dir='ltr'>Omine..</span> <span class='ocrx_word' id='word_1_277' title='bbox 526 2889 644 2933; x_wconf 84' lang='grc' dir='ltr'>ΤοΜ.</span> <span class='ocrx_word' id='word_1_278' title='bbox 678 2891 818 2934; x_wconf 87' lang='lat' dir='ltr'>XXII.</span> <span class='ocrx_word' id='word_1_279' title='bbox 1171 2892 1226 2935; x_wconf 87' lang='grc'>20</span> 
     </span>
    </p>
   </div>
   <div class='ocr_carea' id='block_1_17' title="bbox 0 2933 9 2987">
    <p class='ocr_par' dir='ltr' id='par_1_17' title="bbox 0 2933 9 2987">
     <span class='ocr_line' id='line_1_44' title="bbox 0 2933 9 2958; baseline 0 0"><span class='ocrx_word' id='word_1_280' title='bbox 0 2933 9 2958; x_wconf 58' lang='grc' dir='ltr'>’β</span> 
     </span>
     <span class='ocr_line' id='line_1_45' title="bbox 0 2967 5 2987; baseline 0 0"><span class='ocrx_word' id='word_1_281' title='bbox 0 2967 5 2987; x_wconf 63' lang='grc' dir='ltr'>Η</span> 
     </span>
    </p>
   </div>
  </div>
 </body>
</html>
