1759 3125
243 141 326 187 394
787 138 1030 182 Excunsus
1062 141 1111 183 V.

241 253 435 301 Huefius,
465 250 652 309 quamvis
683 251 835 293 adduci
864 269 907 293 se
939 269 1024 293 non
1055 268 1178 308 posse
1204 253 1329 306 dicat,
1363 264 1410 294 ut
1430 253 1657 307 Origenem

239 332 466 388 probalum
499 340 540 370 et
569 340 794 384 purgatum
823 312 995 370 habeat..

354 408 405 448 ll.
463 405 704 447 Fatendum
737 417 823 456 est,
862 406 1091 459 Origenem
1131 422 1218 447 non
1248 407 1360 448 belle
1391 407 1660 463 interpretari

239 486 364 525 verba
393 482 592 532 Joannis,
633 499 738 539 quae
782 500 876 524 cum
918 484 969 524 ad
1013 499 1077 524 res
1119 495 1275 525 creatas
1313 484 1574 540 pertineant,
1605 485 1659 525 ad

237 561 447 618 Spiritum
476 572 664 601 sanctum
695 561 844 601 referri
875 576 960 601 non
993 561 1215 601 debebant.
1275 561 1361 603 Sed
1392 573 1531 602 tamen
1563 578 1659 602 cum

235 638 367 680 illud:
399 639 591 695 ἐγένετο,
624 637 818 678 omnibus
848 639 972 678 rebus
1003 636 1179 693 aliquod
1210 637 1274 678 sui
1303 638 1558 694 principium
1588 639 1659 679 ha-

235 716 432 758 bentibus
471 715 715 766 conveniat,
755 731 842 756 non
879 726 1049 770 praeter
1086 731 1208 755 suum
1250 726 1290 756 et
1329 715 1512 756 aliorum
1549 716 1657 755 bene

234 794 469 835 multorum
510 809 676 833 morem
721 792 780 833 sic
820 791 1085 847 scripturam
1124 792 1436 848 interpretatur.
1506 792 1659 834 Solent

235 871 348 912 enim
386 869 661 912 ecclesiastici
697 870 925 925 scriptores
972 869 1143 910 Patrem
1188 869 1362 910 unicum
1399 869 1658 925 principium

234 948 398 1000 dicere;
427 947 590 988 Filium
624 957 664 986 et
682 945 889 1002 Spiritum
921 958 1109 987 sanctum
1142 962 1188 987 ex
1205 947 1330 988 Patre
1363 963 1450 987 esse
1481 946 1658 987 demon-

233 1036 387 1075 strant,
430 1024 527 1080 quia
567 1023 709 1065 omnia
749 1040 796 1064 ex
825 1024 951 1065 Patre
984 1041 1070 1065 esse
1101 1024 1144 1065 in
1175 1024 1405 1081 Scripturis
1436 1023 1657 1076 dicuntur3

233 1119 311 1143 nec
341 1101 503 1142 Filium
538 1113 578 1143 et
595 1101 803 1158 Spiritum
834 1101 879 1142 in
908 1101 990 1142 hoc
1023 1118 1117 1142 cum
1149 1102 1275 1142 rebus
1305 1101 1453 1142 creatis
1484 1117 1656 1157 compa-

230 1195 324 1220 rare
356 1179 570 1230 dubitant,
608 1180 724 1235 quod
763 1195 786 1219 a
823 1179 949 1220 Patre
981 1196 1068 1221 esse
1100 1179 1360 1235 acceperint,
1392 1178 1492 1219 licet
1520 1179 1654 1219 modo

232 1257 358 1309 longe
389 1256 558 1297 diverso
589 1274 636 1298 ac
662 1273 726 1297 res
750 1268 924 1302 creatae.
973 1257 1176 1309 Origenes
1207 1258 1332 1298 Tom.
1352 1257 1424 1298 IV.
1454 1273 1568 1298 num.
1586 1256 1654 1300 22.

228 1334 363 1375 multa
403 1349 490 1374 esse
536 1333 684 1373 statuit
721 1332 764 1373 in
807 1333 930 1383 Deo,
970 1349 1076 1388 quae
1106 1349 1192 1374 non
1222 1334 1361 1374 solum
1393 1334 1444 1373 ab
1475 1333 1656 1374 humana

227 1423 389 1461 natura,
419 1411 493 1451 sed
525 1411 651 1451 etiam
682 1412 733 1451 ab
764 1409 856 1450 aliis
889 1422 1059 1466 praeter
1079 1410 1242 1451 Filium
1273 1421 1314 1451 et
1347 1409 1556 1466 Spiritum
1586 1426 1656 1463 ge-

227 1489 327 1530 nitis
366 1489 491 1529 rebus
534 1487 838 1544 comprehendi
867 1503 954 1528 non
984 1487 1171 1544 possint.'
1227 1488 1406 1530 Minime
1447 1505 1545 1541 ergo
1575 1487 1656 1529 mi-

227 1585 346 1618 rum,
378 1566 436 1617 si,
467 1582 562 1606 cum
606 1566 747 1621 ipsum
786 1565 949 1607 Filium
978 1566 1023 1607 in
1053 1568 1200 1618 rebus,
1238 1582 1343 1623 quae
1383 1582 1405 1607 a
1433 1566 1530 1606 Deo
1564 1582 1651 1607 esse

227 1646 396 1695 habent,
425 1653 645 1693 numeret,
676 1642 884 1699 Spiritum
908 1656 1098 1685 sanctum
1129 1644 1173 1685 in
1202 1644 1252 1685 iis
1282 1655 1512 1695 recenseat,
1544 1660 1650 1700 quae

225 1738 305 1780 per
322 1722 484 1764 Filium
515 1721 777 1763 exstiterunt.
824 1721 1033 1763 Nicaenae
1054 1721 1156 1762 fidei
1183 1721 1412 1763 acerrimus
1439 1722 1650 1772 defensor,

227 1784 430 1851 Hilarius,
460 1798 623 1841 Arianis
656 1799 880 1840 cavillandi
913 1816 1034 1841 causa
1064 1799 1383 1854 quaerentibus,
1415 1815 1492 1854 per
1523 1816 1649 1855 quem

226 1878 280 1918 sit
313 1877 496 1934 Spiritus
526 1888 732 1929 sanctus„
753 1893 1002 1933 responsum
1041 1878 1167 1917 affert
1196 1877 1294 1917 huic
1325 1877 1519 1930 Origenis
1548 1878 1647 1918 loco

225 1955 504 1997 simillimum.
568 1954 680 1997 Cum
702 1953 876 2007 dicunt,
906 1955 1045 2012 inquit
1075 1955 1148 1995 lib.
1169 1955 1243 1996 IX.
1276 1955 1328 1995 de
1360 1954 1512 1996 Trinit.
1531 1971 1647 1997 num.

225 2032 308 2083 29„
333 2045 420 2089 per
450 2045 579 2088 quem
608 2034 680 2082 sit,
712 2038 760 2073 et
791 2030 843 2073 ob
875 2030 985 2089 quid
1010 2035 1084 2083 sit,
1114 2033 1188 2074 vel
1215 2032 1361 2088 qualis
1389 2034 1471 2074 sit:
1507 2034 1551 2073 si
1576 2045 1646 2074 re-

220 2112 397 2167 spons-io
427 2115 593 2151 nostra
622 2108 875 2165 displicebit
905 2109 1179 2161 dicentium,
1202 2122 1291 2165 per
1320 2121 1449 2165 quem
1479 2112 1647 2162 omnia,

222 2194 270 2230 et
308 2199 371 2229 ex
405 2199 491 2242 quo
528 2189 683 2228 omnia
711 2194 842 2241 sunt,
881 2195 928 2229 et
959 2190 1067 2244 quia
1096 2186 1299 2243 Spiritus
1327 2193 1395 2228 est
1422 2187 1536 2238 Dei,
1568 2185 1646 2229 do-

222 2277 334 2307 num
358 2261 601 2320 fidelium;
648 2261 923 2320 displiceant
972 2270 1019 2306 et
1058 2263 1268 2320 Apostoli
1310 2269 1357 2305 et
1389 2262 1645 2318 prophetae

226 2341 310 2385 hoc
341 2349 529 2384 tantum
557 2336 613 2382 de
646 2353 710 2391 eo,
741 2340 862 2397 quod
886 2347 1018 2391 esset,
1048 2339 1291 2395 loquenteS,
1322 2346 1367 2381 et
1391 2348 1499 2396 post
1528 2340 1643 2384 haec

223 2422 374 2466 Pater
403 2426 450 2460 et
479 2418 628 2462 Filius
655 2416 919 2475 displicebit.

337 2497 424 2540 Sed
456 2495 652 2549 Origenis
681 2495 885 2537 sententia
915 2512 962 2536 ex
991 2494 1068 2544 his,
1101 2511 1206 2551 quae
1237 2507 1491 2551 sequuntur,
1521 2513 1643 2538 accu-

224 2575 355 2617 ratius
385 2573 668 2615 examinanda.
720 2575 792 2616 Sic
823 2574 936 2616 enim
965 2573 1123 2630 pergit:
1146 2570 1304 2616 ’'Eorat
1323 2574 1360 2629 ⁸)
1393 2576 1445 2617 δέ
1472 2591 1533 2624 τις
1563 2579 1642 2618 καὶ

224 2657 368 2710 τρίτος
395 2649 524 2709 παρὰ
555 2650 659 2700 τούς
688 2651 793 2708 δύο,
837 2650 915 2696 τόν
945 2668 989 2695 τε
1021 2649 1096 2695 διὰ
1128 2654 1207 2694 τσῦ
1237 2649 1401 2707 Λόγου
1431 2654 1638 2709 παραδε-

218 2728 425 2790 χόμενοι]
453 2726 503 2772 τὸ
535 2731 719 2785 πνεῦμα
749 2728 799 2775 τὸ
829 2727 965 2787 ἅγιον
993 2732 1258 2785 γεγονέναι,
1301 2732 1378 2772 καὶ
1416 2728 1495 2775 τὸν
1527 2715 1637 2788 ἀγὲ·-

344 2884 385 2940 Ι)
417 2883 506 2929 Cfr.
536 2883 602 2925 ed.
633 2895 763 2927 nostr.
795 2884 921 2928 Tom.
951 2885 982 2929 Ι.
1012 2900 1104 2941 pag.
1135 2881 1220 2928 109
