1759 3125
478 98 863 138 Omenmmonum
894 94 1038 135 mez
1070 94 1124 135 11.
1419 92 1502 136 227

82 210 384 266 Evangeltum
414 206 568 249 docet:
596 203 679 247 sed
703 207 751 247 in
783 218 849 255 ρο,
880 202 1000 260 qnod
1021 217 1044 245 e
1062 204 1373 260 superioribus
1388 217 1500 259 par.

84 287 202 330 tibus
230 283 539 337 descenderet,
570 285 664 339 ipso
696 281 910 324 descensu
941 279 1168 323 sideream
1198 279 1286 321 sibi
1315 292 1501 321 carnem

79 372 127 405 et
156 362 342 404 aeream
374 363 673 403 contexuisse.
733 362 874 400 Verba
912 370 1007 398 sunt
1039 357 1291 398 Tertulliani
1323 357 1416 398 libr.
1452 358 1503 397 de

80 439 328 494 praescript.
357 455 446 494 cap.
477 438 545 480 51.
605 438 725 478 Idem
767 452 938 494 quoque
979 437 1031 476 de
1064 435 1301 490 Apollinari
1333 446 1504 475 annotat

77 515 419 572 Theophylactus
449 515 492 556 in
523 514 562 558 3.
592 515 744 556 Joann.
815 515 938 555 Unde
971 529 992 552 a
1022 511 1247 552 Valentino
1278 528 1364 552 non
1395 512 1504 552 mul-

78 605 168 634 tum
198 592 398 633 ablusisse
428 604 655 648 utrumque
687 593 861 648 planum
894 602 967 632 est.
1029 590 1134 630 Tres
1164 588 1227 629 illi
1249 600 1388 629 tamen
1411 594 1503 637 τοῖς

78 675 438 727 φαντασιασταΐς
465 668 678 709 accenseri
718 681 918 725 possunt,
958 665 1024 711 ὅτι
1063 664 1113 709 τὸ
1146 663 1255 708 αὐτό
1289 666 1400 715 ἔστι,
1440 665 1501 706 in-

77 748 170 804 quit
208 747 485 802 Irenaeus,¹)
528 744 709 799 ὃοκήσει
750 748 899 801 λέγειν
937 748 1207 800 πεφηνέναι,
1250 746 1325 785 καὶ
1368 742 1504 785 οὐδὲν

77 825 127 868 ἐκ
155 826 232 878 τῆς
260 828 446 879 ΝΙαρίας
476 826 728 879 εἰληφέναι.
791 821 910 864 Οὐδὲ
941 820 1031 879 γὰρ
1062 813 1119 875 ἦν
1149 820 1328 875 ἀληθῶς
1356 818 1504 875 σάρκα

78 906 154 945 καὶ
185 897 297 957 αἷμα
329 899 539 956 ἐσχηκώς,
575 898 629 942 δι’
665 891 730 942 ὧν
761 896 885 956 ἡμᾶς
903 897 1224 954 ἕξηγοράσατο,
1257 901 1295 941 εἰ
1323 896 1387 956 μὴ
1421 896 1502 951 τὴν

75 978 274 1035 ἀρχαίαν
303 975 471 1020 πλάσιν
501 979 579 1018 τοῦ
606 973 757 1032 Ἀδὰμ
789 979 850 1024 εἷς
867 973 1032 1017 ἑαυτὸν
1051 973 1499 1032 ιῖνεκεᾳαλαιώσατο.

79 1055 401 1096 Ham-eticorum
443 1069 574 1108 porro
614 1053 787 1093 illorum
830 1052 1095 1108 nequissimis
1137 1067 1320 1092 consona
1353 1052 1503 1092 dixisse

79 1132 306 1185 Origenem
349 1130 575 1172 adversarii
616 1129 703 1187 ejus
745 1129 1119 1171 calumniabantur.
1185 1130 1371 1182 Quarta
1401 1128 1503 1185 (cri-

77 1208 274 1263 minatio)
299 1215 403 1264 post
444 1210 561 1250 istas
599 1214 689 1258 est,
731 1207 867 1263 inquit
905 1207 1153 1263 Pamphilus
1195 1207 1237 1247 in
1276 1206 1502 1262 Apologia,

77 1299 193 1341 quae
221 1287 323 1327 istis
356 1285 564 1327 omnibns
595 1284 891 1335 adversatur,
927 1284 1087 1340 (caeca
1118 1287 1237 1325 enim
1272 1292 1340 1326 est
1368 1284 1501 1325 malz·-

81 1364 185 1418 tz’a),
219 1361 338 1418 quod
367 1361 528 1404 dicunt
558 1375 660 1404 eum
691 1360 842 1403 dicere
875 1359 1073 1415 δοκήσει,
1105 1359 1156 1402 id
1183 1368 1264 1411 est,
1291 1362 1503 1416 putative

77 1447 286 1489 tantum,
326 1446 373 1480 et
408 1452 494 1496 per
524 1439 824 1495 allegoriam,
865 1450 954 1479 non
986 1439 1129 1479 etiam
1157 1436 1402 1478 secundam
1433 1450 1501 1487 ea,

79 1529 194 1571 qnae
223 1517 374 1571 juxta
415 1516 657 1558 historiam
687 1516 992 1569 referuntur,
1037 1522 1178 1570 gesta
1207 1527 1299 1555 esse
1332 1516 1500 1561 omnia.

81 1605 197 1648 qnae
228 1606 259 1633 a
288 1592 536 1635 Salvatore
564 1600 703 1650 gesta
733 1598 854 1634 sunt.
914 1592 1101 1633 Zonaras
1132 1608 1302 1648 quoque
1342 1592 1435 1634 libr.
1461 1592 1501 1634 2.

80 1670 311 1723 Origenem
343 1671 595 1711 existimasse
634 1681 776 1722 negat,
822 1669 1035 1711 Christum
1077 1671 1128 1710 de
1169 1669 1327 1722 virgine
1366 1669 1502 1710 lVIaria

80 1763 248 1787 carnem
283 1747 490 1789 sumsisse.
548 1748 668 1788 Hanc
685 1758 825 1787 autem
860 1747 1110 1787 calumniam
1141 1746 1230 1802 ipse
1261 1763 1282 1786 a
1314 1763 1356 1786 se
1388 1762 1503 1798 egre-

77 1823 143 1875 gie
175 1824 353 1880 depellit
384 1824 586 1878 Origenes
623 1823 673 1864 iis
714 1823 876 1873 verbis,
926 1840 1033 1879 quae
1072 1823 1113 1864 in
1155 1825 1306 1871 eodem
1338 1823 1503 1879 Apolo-

78 1901 166 1953 giae
198 1903 296 1942 loco
328 1902 579 1950 recitantur,
627 1902 865 1956 probatque
907 1917 954 1941 ex
995 1900 1226 1956 Scripturis
1268 1900 1419 1940 sanctis
1449 1901 1501 1940 de

77 1978 236 2019 semine
271 1979 479 2019 Abraham
519 1989 561 2018 et
599 1977 741 2018 David
786 1993 884 2018 vere
923 1989 1068 2018 natum
1107 1976 1233 2017 fuisse
1275 1977 1502 2027 Christum,

79 2071 215 2111 neque
248 2058 485 2112 putative,
532 2067 573 2095 et
604 2068 694 2111 per
731 2055 1034 2111 phantasiam
1073 2072 1137 2094 res
1178 2071 1268 2095 suas
1309 2055 1502 2106 gessisse;

77 2149 213 2189 neque
242 2132 459 2189 spirituale
492 2148 658 2187 corpus,
689 2133 764 2172 sed
797 2148 994 2172 carneum
1017 2143 1057 2172 et
1081 2143 1296 2172 terrenum
1324 2132 1501 2173 circum-

79 2210 245 2262 tulisse3
281 2226 360 2250 nec
400 2211 558 2250 factum
590 2226 687 2249 eum
716 2224 795 2264 per
823 2209 1071 2259 mulierem,
1122 2210 1194 2249 sed
1229 2225 1277 2249 ex
1309 2209 1500 2249 muliere.

79 2286 257 2327 Faciunt
289 2298 330 2327 et
362 2303 409 2327 ea
442 2303 521 2342 pro
553 2285 661 2341 ipso,
694 2303 801 2342 quae
831 2286 998 2342 scripsit
1027 2285 1188 2326 Homil.
1208 2286 1243 2327 1.
1276 2285 1317 2325 in
1347 2286 1500 2328 Ezech.

80 2380 194 2404 num.
226 2363 264 2406 4.
325 2361 656 2419 Respondeant
686 2361 804 2405 mike·
822 2363 1074 2416 Haeretici,
1108 2364 1187 2417 quc*
1204 2365 1501 2404 nativitatem

81 2440 204 2480 illius
235 2440 431 2495 (Christi)
464 2447 517 2481 ut
541 2439 828 2495 phantasma
859 2438 1074 2492 eludunt,
1119 2452 1261 2495 quare
1294 2438 1502 2482 Christus

82 2516 228 2558 Filius
258 2515 449 2558 hominis
479 2517 768 2573 appellatur:
799 2529 840 2558 et
872 2533 977 2573 quae
1014 2517 1050 2557 T
1054 2529 1153 2557 raet.
1179 2515 1244 2559 35.
1277 2515 1318 2556 in
1349 2518 1500 2558 Matth.

85 2609 198 2634 uum.
226 2592 295 2636 92.
358 2593 615 2650 Szcsce‘pz'ens
652 2596 772 2636 ene'm
813 2593 1044 2651 (Christus)
1085 2601 1308 2636 naturam
1349 2597 1503 2636 carnis

205 2813 244 2867 ¹)
279 2813 364 2856 Cfr.
394 2815 503 2857 Iren.
535 2817 607 2859 lib.
630 2819 679 2860 V.
711 2835 801 2874 cap.
836 2818 875 2860 1.
911 2817 1024 2872 apud
1041 2817 1303 2858 Theodoret.
1331 2817 1444 2859 Dict.
1461 2818 1499 2860 2.

1039 2892 1090 2936 15
1113 2892 1140 2918 ’κ
