1759 3125
239 100 293 144 74
650 95 788 138 PETRI
828 96 1040 140 DAmtms
1070 98 1233 141 Hui-:Tu

237 212 303 254 rit.
359 209 624 252 Atheniensis
657 209 817 251 itineris
847 210 1062 263 ignoratur
1092 227 1253 252 caussa:
1286 211 1394 253 illud
1423 211 1590 261 scimus,
1612 212 1651 267 ¹)

237 289 410 346 optimis
442 304 551 336 eum,
583 288 785 343 quamdiu
830 287 870 328 in
910 289 986 328 hac
1027 289 1129 329 urbe
1160 289 1350 341 agitavit,
1390 288 1651 331 exercitatio-

235 367 358 407 nibus
388 364 524 405 otium
555 380 676 404 suum
708 365 1007 417 consumsisse3
1038 381 1133 405 nam
1161 366 1354 421 inceptos
1386 367 1428 407 in
1450 365 1650 406 Ezechie-

237 445 322 484 lem
364 441 701 484 Commentarios
740 442 944 492 absolvit,
976 467 1029 473 --
1077 443 1192 497 quod
1235 459 1344 484 anno
1395 442 1649 495 sexagesimo

234 523 393 562 sactum
432 520 629 560 Erasmus
645 519 686 575 ²)
726 519 950 560 arbitratur
989 535 1035 558 cx
1073 518 1229 569 suida,
1283 532 1454 560 auctore
1492 518 1650 560 nullius

233 597 374 654 pretii,
405 597 476 653 qui
507 613 555 637 ex
585 596 757 638 Eusebii
787 596 932 653 pannis
974 596 1089 651 prius
1121 596 1314 650 Origenis
1353 598 1560 650 elogium,
1606 596 1648 636 in

235 691 319 731 quo
349 676 553 731 scriptum
584 675 666 715 hoc
698 686 846 723 exstat,
889 674 1131 728 perturbate
1166 685 1207 714 et
1236 674 1518 731 incomposite
1551 689 1650 713 con-

233 752 318 794 suit
348 778 414 803 —,
444 764 485 793 et
516 752 737 794 Canticum
769 750 1041 793 Canticorum
1074 752 1408 806 expositionibus
1439 751 1648 792 illustrare

233 829 433 871 instituit:
466 846 643 885 quarum
673 828 856 885 quinque
889 828 1052 869 Tomos
1090 827 1132 869 in
1173 846 1220 870 ea
1260 828 1494 870 elaboravit
1525 827 1647 879 sede3

231 907 419 963 reliquos
450 907 633 947 totidem
663 907 887 947 Caesareae
908 905 1115 947 Stratonis
1147 906 1344 949 confecit.
1391 906 1512 947 Circa
1544 905 1647 944 hanc

232 1001 403 1041 quoque
457 995 750 1039 tempestatem
804 983 1056 1040 jampridem
1101 983 1307 1024 inchoatis
1350 984 1391 1025 in
1436 984 1646 1024 Joannem

231 1061 556 1105 Commentariis
594 1062 722 1102 finem
760 1060 1010 1117 imposuisse
1049 1060 1276 1101 verisimile
1318 1073 1403 1110 est,
1452 1072 1499 1100 ut
1540 1059 1647 1099 infra

231 1141 463 1181 ostendam.
507 1144 705 1181 Annuum
737 1150 904 1194 tempus
921 1138 1166 1179 Atheniensi
1197 1138 1294 1179 huic
1324 1154 1467 1178 morae
1499 1135 1646 1177 tribuit

227 1218 470 1268 Halloxius‚
517 1233 596 1257 nec
635 1215 902 1268 contradic03
944 1215 1069 1257 liceat
1106 1218 1237 1257 modo
1280 1216 1506 1271 unicuique
1536 1213 1646 1271 judi-

229 1295 340 1336 cium
371 1295 486 1335 aliud
518 1310 566 1334 ex
596 1309 641 1333 re
674 1293 856 1349 capienti
888 1293 1121 1335 dissentire.

339 1372 433 1412 VII.
491 1371 716 1412 Pristinam
733 1371 775 1427 3)
817 1370 957 1427 itaque
996 1372 1164 1421 sedem,
1205 1371 1450 1413 Caesaream
1482 1369 1641 1410 Strato-

226 1449 288 1489 nis
321 1449 447 1500 longo
480 1460 578 1504 post
613 1460 807 1504 tempore
839 1449 1042 1501 Origenes
1080 1449 1273 1504 repetiit,
1312 1460 1435 1503 atque
1477 1447 1535 1487 ibi
1575 1463 1644 1486 su-

225 1538 415 1581 sceptum
449 1526 864 1568 Commentariorum
903 1527 946 1567 in
988 1526 1210 1568 Canticum
1256 1542 1362 1581 opus
1402 1526 1454 1565 ad
1485 1525 1644 1564 exitum

226 1603 355 1644 duxit.
412 1604 639 1644 Falluntur
685 1615 826 1644 autem
866 1603 1328 1658 Magdebu1·genses,⁴)
1380 1619 1476 1642 cum
1528 1600 1643 1657 aiunt

224 1672 437 1738 scripsisse
468 1681 647 1723 Suidam
671 1681 899 1735 Origenem
930 1698 1087 1723 annum
1117 1680 1263 1722 aetatis
1292 1696 1390 1721 suae
1423 1679 1550 1732 egisse
1580 1696 1643 1719 se·

223 1760 500 1813 xagesimum,
545 1776 639 1800 cum
689 1776 735 1801 ea
784 1759 1097 1802 Commentaria
1145 1770 1350 1800 exararet:
1395 1758 1480 1798 tale
1529 1760 1641 1798 enim

225 1837 455 1893 quidquam
499 1839 612 1893 apud
664 1837 840 1879 Suidam
884 1854 1089 1894 nusquam
1132 1836 1329 1892 reperias.
1406 1835 1483 1876 Est
1531 1837 1643 1891 apud

223 1914 606 1971 Hieronymum‚⁵)
639 1915 798 1956 venisse
829 1915 1128 1956 Firmilianum
1161 1915 1386 1956 Caesareae
1418 1913 1643 1968 Cappado-

224 1991 311 2033 ciae
343 1991 595 2047 episcopum
626 1994 677 2033 ad
711 1992 961 2044 Origenem,
991 2009 1069 2048 per
1099 2007 1283 2032 caussam
1322 1991 1516 2030 locorum
1550 2007 1642 2031 san-

223 2081 402 2118 ctorum,
433 2079 479 2108 ut
512 2070 624 2124 apud
656 2086 751 2109 eum
791 2069 996 2126 majorem
1035 2068 1278 2124 Scripturae
1318 2080 1484 2108 sanctae
1525 2085 1640 2109 com-

219 2157 386 2202 pararet
424 2145 643 2197 notitiam,
698 2164 792 2187 cum
834 2147 972 2202 ipsum
1012 2158 1131 2186 antea
1172 2145 1215 2186 in
1256 2145 1528 2200 Cappadocia
1566 2147 1639 2187 diu

218 2240 361 2265 secum
391 2223 614 2267 habuisset.
682 2226 738 2265 At
782 2224 1011 2276 Gregorius
1028 2223 1069 2281 6)
1113 2225 1330 2278 Nyssenus
1371 2223 1413 2264 in
1444 2224 1639 2278 Origcnis

218 2299 482 2357 disciplinam
514 2314 734 2358 receptum
773 2300 899 2342 fuisse
938 2312 1076 2341 narrat
1116 2318 1211 2341 cum
1253 2301 1464 2354 Gregorio
1497 2304 1637 2345 Thau-

338 2484 378 2540 ¹)
412 2484 497 2526 Cfr.
530 2484 684 2525 Euseb.
718 2483 824 2524 Hist.
858 2483 1005 2524 eccleS.
1038 2481 1110 2525 lib.
1141 2483 1213 2525 VI.
1246 2499 1334 2538 cap.
1365 2484 1433 2528 32.

335 2554 377 2609 ²)
411 2554 498 2594 Cfr.
530 2553 688 2594 Erasm.
721 2554 764 2593 in
796 2553 966 2595 Centur.
1001 2554 1095 2596 libr.
1131 2553 1248 2605 Orig,

335 2624 378 2678 3)
411 2624 497 2664 Cfr.
528 2623 682 2665 Euseb.
714 2622 821 2664 Hist.
857 2625 1003 2665 eccles.
1036 2624 1109 2666 lib.
1144 2625 1212 2664 VI.
1245 2641 1333 2680 cap.
1365 2625 1432 2668 32.

335 2694 377 2749 ¹²)
411 2694 497 2735 Cfr.
530 2694 805 2746 Magdeburg.
843 2695 1012 2736 Centur.
1047 2696 1122 2736 III.
1158 2712 1245 2751 cap.
1281 2696 1344 2737 10.

334 2765 377 2819 ⁵)
411 2765 496 2805 Cfr.
529 2763 775 2822 Hieronym.
811 2764 997 2818 Catalog.
1030 2765 1172 2821 script.
1205 2767 1348 2807 eccles.
1387 2784 1474 2823 cap.
1507 2768 1572 2810 5-1.

336 2834 379 2888 ⁰)
413 2834 498 2876 Cfr.
532 2834 707 2888 Gregor.
741 2837 912 2892 Nyssen.
947 2837 1015 2877 vit.
1049 2837 1270 2877 Thaumat.
