1759 3125
481 78 871 118 OfflGENIANORUM
901 76 1043 115 LIBER
1064 76 1123 115 11.
1419 73 1496 117 161

80 190 299 230 tiochenus
343 188 439 228 libr.
473 189 527 228 Π.
576 187 627 227 ad
676 186 957 242 Autolycum:
1010 189 1185 228 Τοῦτον
1235 183 1314 226 τὸν
1360 183 1500 241 λόγον

78 268 210 323 ἔσχεν
240 263 284 322 (ὁ
309 262 432 321 θεὸς)
467 262 704 320 ὑπουργὸν
732 265 824 307 τῶν
852 261 926 305 ὑπ’
962 261 1104 305 αὐτοῦ
1131 265 1494 318 γεγεννημένων,

74 489 132 530 sic
161 489 371 544 loquitur:
402 487 495 530 Per
523 485 582 537 id,
621 485 740 542 quod
767 486 939 529 dictum
968 492 1058 528 est:
1092 484 1340 535 „Faciamus
1358 484 1494 524 homi-

72 565 228 599 nem:“
260 572 321 600 ex
351 571 400 599 eo
432 560 563 612 origo
593 563 683 607 est,
725 569 786 598 ex
816 570 898 613 quo
931 558 1055 611 capit
1084 562 1132 596 et
1161 568 1334 602 serrum
1364 557 1411 595 in
1442 568 1493 595 eo

72 641 199 678 vero,
240 625 358 683 qnod
393 627 519 669 Deus
559 624 625 667 ad
663 628 917 681 imaginem
958 627 1054 668 Dei
1076 625 1210 678 facit
1253 624 1491 674 hominem,

71 696 372 753 significatur
400 699 540 738 etiam
572 699 633 746 is,
669 709 755 751 per
793 709 922 751 quem
953 702 1300 737 consummatur
1331 707 1491 750 opera-

72 771 148 810 tio.
209 768 265 808 Et
294 768 422 823 paulo
453 779 573 823 post:
609 766 658 806 In
690 779 761 817 60,
801 765 921 822 quod
948 764 1141 806 dicitur:
1177 765 1488 814 ‚,Faciamus:“

68 846 114 880 et
141 839 287 893 jussio
335 844 619 892 exsequatur
661 841 706 876 et
741 835 949 889 factum.
1019 836 1074 875 Et
1112 852 1209 875 mox
1252 835 1407 875 iterum
1439 836 1489 875 tle

68 907 308 963 Sapientia,
354 907 440 947 sive
480 906 594 946 Filio
639 905 723 945 Dei
763 905 878 946 Pau-i
908 922 983 946 suo
1016 906 1273 957 aggaudente
1305 905 1347 945 in
1379 923 1490 946 crea—
1530 919 1532 921 ’

68 978 194 1018 tionis
229 976 444 1032 operibus,
474 977 575 1016 haec
609 975 750 1016 habet:
795 974 993 1017 Causam
1025 975 1237 1016 laetitiae
1266 989 1377 1016 Suae
1406 976 1489 1018 Sc!-

59 1049 242 1104 piemz'a
276 1045 450 1087 docuit:
489 1043 762 1087 laetabatur
793 1053 949 1085 antem
980 1043 1032 1085 ob
1067 1045 1298 1086 laetitiam
1329 1046 1491 1087 Patris

65 1120 113 1159 in
140 1115 427 1173 perfectione
457 1114 641 1166 mundi,
683 1123 728 1156 et
766 1117 812 1155 in
841 1115 963 1170 filiis
993 1114 1225 1156 leontinum
1255 1117 1489 1157 laetanti&

64 1187 298 1243 Scriptum
341 1194 409 1227 est
446 1188 587 1227 enim:
630 1186 713 1237 „Et
750 1185 856 1225 vidit
886 1186 1024 1234 Deus,
1068 1185 1163 1240 quia
1202 1188 1313 1226 bona
1352 1193 1488 1230 sunt.“

65 1258 238 1313 (Genes.
269 1258 302 1306 I,
337 1257 422 1308 10.)
458 1257 649 1298 Placere
692 1256 836 1297 Patra·
871 1268 1012 1310 opera
1051 1268 1136 1296 sua
1165 1254 1368 1310 gaudet,
1402 1269 1488 1311 per

63 1341 109 1369 se
137 1340 199 1369 ex
235 1333 483 1382 praecepto
525 1328 623 1382 ejus
660 1326 840 1378 effecta.
908 1326 1017 1366 Sane
1058 1325 1094 1365 si
1124 1325 1179 1375 is,
1221 1325 1294 1381 qui
1335 1326 1487 1366 dixerit

64 1399 255 1448 Patrem,
287 1413 366 1452 qua
405 1396 530 1436 Pater
560 1408 643 1445 est,
684 1395 935 1450 primarium
966 1412 1053 1435 esse
1095 1395 1242 1435 mundi
1274 1395 1486 1450 opificem,

64 1467 136 1523 qui
167 1469 268 1507 haec
298 1466 491 1506 universa
520 1482 596 1521 per
625 1465 786 1506 Filium
827 1482 948 1505 suum
981 1466 1242 1514 condiderit,
1283 1482 1362 1519 pro
1394 1466 1488 1505 Ari-

62 1554 142 1578 ano
175 1539 389 1578 habendus
420 1548 502 1587 est3
542 1535 607 1575 vix
649 1537 699 1575 ab
731 1535 958 1575 Arianismi
1001 1535 1094 1574 labe
1126 1551 1256 1589 purus
1287 1534 1366 1574 erit
1396 1535 1485 1590 ipse

62 1608 217 1648 Paulus
246 1608 288 1648 in
319 1609 351 1649 Ι.
384 1624 450 1662 ep.
482 1607 534 1646 ad
567 1605 758 1647 Corinth.
793 1621 884 1660 cap.
915 1606 1034 1646 VIII.
1066 1620 1171 1644 vers.
1203 1603 1240 1645 6.
1274 1605 1325 1644 de
1356 1605 1486 1659 parti-

60 1680 152 1728 bus,
180 1690 228 1718 ut
256 1678 316 1718 ita
345 1678 518 1732 loquar,
563 1676 698 1716 Patris
730 1688 772 1716 et
801 1675 906 1716 Filii
947 1675 989 1715 in
1027 1690 1168 1714 rerum
1202 1674 1412 1714 creatione
1444 1688 1485 1716 ct

61 1747 335 1788 renovatione
375 1747 434 1787 sic
475 1746 704 1786 disserens:
746 1744 906 1794 „Nobis
949 1760 1054 1783 unus
1097 1755 1160 1783 est
1198 1745 1314 1784 Deus
1345 1745 1483 1795 Pater,

62 1834 84 1859 a
116 1835 200 1874 quo
240 1817 401 1866 omnia,
452 1828 493 1857 et
535 1833 612 1856 nos
652 1814 694 1855 in
734 1815 852 1869 ipso:
898 1825 940 1854 et
978 1830 1086 1853 unus
1126 1814 1321 1854 dominus
1362 1816 1483 1856 Jesus

63 1888 265 1938 Christus,
299 1903 376 1942 per
407 1902 533 1942 quem
567 1883 730 1932 omnia,
773 1895 813 1923 et
844 1899 921 1923 nos
952 1899 1029 1938 per
1059 1882 1239 1937 ipsum.“
1296 1886 1405 1925 Nam
1435 1884 1485 1924 il-

61 1957 160 1997 lud:
190 1957 236 2004 ἐξ
269 1949 334 2005 οἶν,
366 1968 398 1996 a
428 1967 526 2010 qno,
559 1970 722 1994 causam
762 1954 944 2007 primam
983 1953 1184 1992 denotare
1214 1954 1483 1995 manifestum

62 2038 135 2067 est.
204 2026 327 2067 Unde
369 2037 412 2066 et
457 2024 676 2064 Theodor.
715 2022 827 2062 Beza
878 2023 930 2061 ad
968 2022 1113 2062 locum
1150 2022 1253 2063 haec
1290 2025 1483 2066 adnotat:

64 2096 211 2148 Quum
241 2096 390 2138 Pater
421 2108 451 2135 α
480 2094 598 2137 Filio
631 2091 964 2148 distinguitur,
995 2092 1068 2133 illi
1087 2095 1368 2148 principium
1399 2097 1483 2135 tri-

62 2167 230 2208 buitur.
289 2165 465 2207 Scilicet
504 2165 605 2204 haec
645 2162 788 2203 omnia
832 2163 1006 2203 omnino
1045 2163 1265 2204 referenda
1304 2176 1400 2204 sunt
1429 2166 1482 2205 ad

60 2233 178 2275 illam
206 2235 311 2276 Filii
339 2233 746 2282 subordinationem,
778 2250 858 2289 qua
887 2232 1003 2273 Patri
1034 2244 1082 2273 ut
1111 2232 1275 2273 auctori
1304 2250 1396 2284 suo,
1428 2259 1480 2266 —

59 2304 128 2345 hic
171 2305 325 2345 iterum
367 2303 469 2359 ipsis
508 2302 662 2343 Hilarii
710 2304 847 2344 verbis
889 2315 990 2344 utor
1019 2328 1095 2354 —,
1145 2302 1358 2359 subjectus
1404 2316 1478 2346 est.

61 2372 207 2427 Quid?
245 2375 361 2430 quod
398 2373 442 2413 in
479 2372 573 2427 ipso
618 2374 814 2430 symbolo
845 2374 1034 2415 Nicaeno
1068 2374 1240 2414 credere
1270 2371 1478 2430 jubemur,

58 2443 220 2498 primo:
251 2448 300 2484 in
330 2456 472 2484 unum
488 2443 640 2484 Deum
661 2443 852 2484 Patrem
879 2447 1248 2500 omnipotentem,
1280 2446 1480 2484 omnium

59 2511 299 2554 visibilium
327 2520 374 2554 et
403 2510 695 2554 invisibilium
725 2521 1003 2555 creatorem:
1040 2513 1213 2554 deinde:
1257 2514 1305 2553 in
1338 2526 1479 2553 meum

62 2578 291 2622 dominum
320 2581 472 2624 Jesum
506 2582 761 2634 Christum,
794 2595 896 2633 etc„
931 2597 1019 2639 per
1058 2596 1187 2639 quem
1218 2584 1373 2623 omnia
1388 2582 1478 2636 fa-

62 2655 141 2690 cta
168 2657 288 2690 sunt.
346 2651 405 2692 Ut
433 2653 578 2708 paucis
608 2669 697 2694 rem
728 2665 862 2694 totam
894 2654 1176 2708 complectar:
1210 2651 1297 2705 Qui
1327 2652 1477 2692 dixerit

62 2719 205 2757 Deum
260 2718 453 2771 Patrem,
510 2734 709 2778 tanquam
757 2724 922 2763 sontem
976 2721 1227 2771 divinitatis,
1286 2722 1476 2775 adeoque

63 2785 251 2827 omnium
284 2789 578 2842 operationum
610 2793 844 2833 divinarum
881 2791 1107 2845 originem,
1149 2807 1172 2831 a
1199 2806 1242 2831 sc
1273 2789 1364 2844 ipso
1396 2806 1473 2845 per

65 2863 284 2906 Onmnms
310 2863 480 2906 OPERA.
512 2867 548 2907 T
554 2880 632 2908 om.
648 2869 789 2908 XXII.
1145 2866 1195 2909 11
