1759 3125
258 96 344 142 262
675 98 817 139 Pssrm
848 98 1070 140 DAmEms
1101 97 1266 139 Hunni

265 209 473 250 futatione
506 210 666 266 liquet,
714 210 757 250 in
798 227 878 266 qua
908 209 1045 250 Patris
1078 221 1119 249 et
1152 208 1254 249 Filii
1284 207 1490 248 unitatem
1521 208 1692 262 probat.

271 285 368 340 Qua
401 303 606 342 quaenam
637 287 825 328 atrocior
870 285 1079 327 accusatio
1112 286 1273 326 intendi
1304 283 1478 341 potest?
1536 283 1583 325 Si
1615 300 1692 339 pu-

271 375 377 404 tasse
409 363 581 405 dixisset
612 363 842 417 Origenem
874 363 991 416 regio
1026 362 1271 414 dominatu,
1312 379 1398 419 quo
1432 361 1590 403 Christi
1621 361 1697 401 liu-
1730 391 1732 393 -

272 440 450 480 manitas
488 441 679 497 praedita
725 454 810 492 est,
857 441 1068 497 privatum
1107 439 1159 480 iri
1208 452 1307 495 post
1344 438 1699 480 resurrectionem

277 516 505 567 Christum,
536 518 748 574 aliquibus
773 519 949 558 fortasse
976 516 1230 569 argumentis
1251 517 1562 557 accusationem
1584 531 1704 556 suam

275 603 493 650 utcunque
525 596 834 636 confirmasset:
867 611 943 644 e0,
973 605 1099 649 puta,
1131 593 1247 649 quod
1279 609 1327 634 ex
1357 594 1499 634 afficta
1528 590 1705 644 Origeni

275 672 482 712 sententia
513 672 699 729 depositi
740 673 782 714 in
824 672 916 713 sole
949 670 1104 714 Christi
1146 670 1339 726 corporis
1370 682 1411 712 et
1440 668 1708 710 humanitatis

281 747 371 803 peti
400 760 581 804 poterat.

396 826 554 867 Verum
600 827 643 867 in
684 826 981 880 Origeniarum
1016 826 1362 866 lucubrationum
1394 824 1589 880 reliquiis
1619 839 1707 864 ma-

283 901 434 942 nifesta
466 902 710 945 alterutrius
741 905 964 945 haereseos
995 902 1170 955 vestigia
1200 918 1405 958 nusquam
1426 900 1580 957 reperi.
1630 901 1731 948 Ita-,

287 996 368 1036 que
402 980 470 1021 vel
502 997 550 1021 ex
581 981 712 1037 ipsius
745 981 867 1022 dictis
899 982 982 1022 tale
1015 979 1176 1036 aliquid
1209 978 1414 1035 consequi
1440 977 1712 1020 crediderunt

287 1056 376 1115 ejus
405 1058 655 1109 adversarii,
696 1058 762 1099 vel
793 1058 837 1099 in
868 1058 918 1099 iis
951 1059 1136 1099 exstabat
1169 1056 1409 1113 Operibus,
1449 1071 1554 1112 quae
1595 1066 1714 1096 vetu-

286 1145 391 1175 state
421 1135 579 1176 abolita
609 1147 718 1181 sunt.
782 1134 1161 1190 Quemadmodum
1199 1146 1340 1176 autem
1378 1133 1521 1174 nullus
1561 1147 1717 1188 suppe-

288 1211 340 1252 tit
371 1212 567 1265 Origenis
597 1214 739 1264 locus,
777 1214 889 1254 unde
930 1212 1188 1254 accusationi
1229 1213 1329 1253 huic
1360 1211 1463 1252 fides
1495 1209 1587 1250 fieri
1619 1225 1729 1274 pos-

289 1290 355 1341 sit,
386 1291 443 1331 ita
474 1291 541 1331 vix
570 1291 681 1331 ullus
715 1303 860 1341 exstat,
888 1292 1003 1331 unde
1034 1290 1160 1331 facile
1192 1288 1297 1329 dilui
1314 1288 1388 1328 illa
1405 1287 1552 1344 possit.
1603 1288 1721 1328 Non-

289 1367 407 1408 nulla
447 1368 620 1424 quidem
653 1368 790 1420 co‘egit
818 1366 1082 1418 Halloixius,
1130 1366 1202 1407 sed
1245 1365 1410 1406 infirma
1442 1376 1483 1405 et
1513 1364 1646 1414 levia,
1678 1374 1719 1404 et

292 1445 344 1485 ad
374 1459 464 1485 rem
495 1460 644 1501 parum
677 1445 891 1501 apposita,
931 1444 1066 1501 qualis
1097 1455 1159 1484 est
1189 1442 1375 1483 solennis
1404 1442 1480 1482 illa
1510 1440 1722 1482 Homilia-

293 1539 388 1562 rum
422 1522 617 1575 OrigenIS
649 1523 857 1564 clausula:
903 1523 1102 1565 Domino
1145 1520 1247 1564 Iesu
1290 1519 1498 1574 Clzrzsto,
1538 1520 1616 1562 ειιὶ
1650 1523 1720 1560 est

290 1599 451 1656 gloria
480 1607 527 1642 et
556 1602 797 1657 impet-{mn
829 1602 876 1642 in
906 1600 1094 1644 saecula
1124 1598 1428 1642 saeculorum.
1487 1595 1724 1652 scripserat

297 1677 409 1718 enim
440 1678 602 1719 Graece
635 1678 860 1732 Origenes:
903 1682 983 1728 Εἰς
1024 1677 1132 1728 τοὺς
1172 1679 1340 1725 αἰῶνας
1378 1678 1468 1719 τῶν
1510 1671 1718 1716 αἰώνων·

297 1767 338 1796 at
368 1755 544 1797 vocibus
574 1756 659 1797 illis
700 1773 788 1797 non
826 1773 952 1797 unam
995 1772 1083 1797 esse
1113 1753 1479 1808 significationem,
1510 1767 1589 1792 nec
1618 1767 1725 1792 sem-

297 1849 375 1889 per
405 1835 698 1876 aeternitatem
727 1834 811 1875 fine
846 1845 1057 1875 carentem
1089 1832 1228 1873 notari
1259 1831 1367 1872 infra
1396 1828 1687 1887 probabimus.

413 1915 474 1953 Ac
506 1911 772 1968 Theophilus
813 1911 987 1968 quidem
1025 1909 1188 1951 nescire
1228 1925 1271 1950 se
1313 1907 1435 1958 dicit,
1476 1907 1589 1946 unde
1620 1905 1724 1946 insa-

300 1988 415 2028 niam
447 1987 657 2045 ejusmodi
697 1989 901 2041 Origenes
942 1987 1136 2029 hauserit.
1196 1987 1288 2038 Ego
1327 2000 1428 2025 vero
1468 1982 1633 2039 liquido
1663 1981 1723 2040 ju-

301 2081 392 2105 rare
422 2081 595 2121 possum
627 2066 729 2106 haee
758 2065 973 2121 Apostoli,
1004 2080 1109 2120 quae
1141 2064 1337 2115 leguntur
1367 2063 1386 2103 I
1420 2061 1518 2103 Cor.
1541 2062 1636 2111 XV,
1661 2060 1723 2103 24,

304 2153 345 2182 et
373 2158 457 2198 seq.
489 2157 714 2198 perperam
745 2154 939 2198 accepta,
980 2157 1165 2183 caussam
1197 2139 1372 2192 Origeni
1411 2137 1565 2179 erroris
1606 2136 1722 2195 hujus

306 2218 483 2269 dedisse,
509 2218 542 2259 si
572 2220 703 2260 modo
738 2220 775 2260 ei
807 2219 1018 2271 adhaesit3
1047 2235 1143 2258 nam
1167 2217 1274 2258 etin
1297 2217 1474 2257 eandem
1503 2216 1604 2257 inde
1635 2230 1721 2257 sen-

305 2297 479 2338 tentiam
510 2296 684 2352 impulsi
714 2308 809 2336 sunt
838 2295 1090 2346 BIarcellus,
1139 2307 1180 2336 et
1211 2293 1430 2350 popularis
1462 2293 1549 2351 ejus
1581 2292 1720 2334 Photi-

306 2390 406 2426 nus;
439 2385 478 2415 et
509 2373 679 2414 alterius
711 2390 882 2430 quoque
916 2372 1184 2425 confingendi
1215 2371 1422 2424 dogmatis
1447 2371 1497 2411 ab
1527 2370 1720 2411 ecclesia(

311 2451 488 2492 decretis
522 2451 668 2492 absoni
700 2468 884 2492 caussam
917 2451 1015 2491 inde
1049 2450 1251 2503 Origenes
1286 2447 1486 2503 arripuit,
1517 2459 1563 2488 ut
1594 2447 1637 2487 in
1669 2462 1719 2488 se-

312 2528 535 2584 quentibus
569 2529 896 2570 observabimus.
966 2530 1123 2569 Verum
1165 2528 1316 2567 frustra
1354 2525 1399 2565 id
1431 2525 1573 2580 quaeri
1604 2540 1625 2564 a
1656 2540 1718 2564 no-

309 2606 395 2656 bis,
436 2618 475 2647 et
515 2606 618 2647 labis
659 2607 781 2664 hujus
823 2617 1037 2662 expertem
1069 2605 1195 2645 fuisse
1229 2602 1483 2656 Origenem,
1523 2601 1718 2658 conjicerc

311 2700 533 2740 possumus
577 2701 623 2724 ex
664 2683 814 2741 Cyrilli
854 2683 1232 2741 Hierosolymitani
1266 2680 1484 2721 Catechesi
1515 2680 1630 2728 XV.,
1664 2695 1716 2734 qu

312 2762 500 2803 haeresin
536 2762 652 2802 illam
696 2762 736 2802 in
769 2762 976 2803 Marcello
1020 2774 1058 2801 et
1098 2761 1284 2801 Photino
1316 2758 1542 2806 ulciscens,
1592 2771 1714 2797 recen

314 2839 431 2880 illam
461 2850 651 2881 exortam
685 2840 809 2894 dicit,
853 2837 1132 2899 προσᾳάτως
1166 2837 1477 2895 ἀναφυεῖσαν·
1513 2835 1627 2890 quod
1657 2831 1715 2874 uti
