1759 3125
495 636 1182 719 Corrigendaf'ss)

130 848 224 900 Pag.
257 848 325 892 57.
356 848 427 891 lin.
462 850 498 893 1.
531 863 571 891 et
599 851 641 894 2.
672 852 712 893 in
744 854 855 895 notis
881 855 992 907 lege:
1023 872 1116 896 cum
1140 857 1190 896 ad
1209 858 1437 911 Origeuem
1454 877 1538 902 non

678 925 897 965 referenda
927 924 991 967 sit.

154 1013 206 1019 —
253 989 321 1036 70.
351 989 422 1032 lin.
454 991 491 1035 3.
524 1008 546 1033 a
575 993 657 1034 fine
688 1005 823 1034 textus
854 996 967 1046 lege:
997 995 1340 1039 Leunclavianae.

154 1081 207 1090 ·-
253 1058 320 1102 83.
352 1059 424 1102 lin.
458 1061 523 1104 11.
554 1062 666 1114 lege:
697 1064 747 1103 ad
780 1064 1063 1119 propositum.

155 1153 206 1158 —
242 1128 319 1171 85.
349 1141 439 1172 not.
471 1131 509 1175 2.
540 1130 612 1172 lin.
644 1131 684 1173 2.
714 1133 828 1184 lege:
861 1134 1168 1187 Albufaragius.

151 1221 206 1228 --
249 1196 346 1239 246.
379 1198 449 1240 lin.
487 1199 550 1242 18.
583 1200 695 1251 lege:
729 1202 803 1243 διὰ
835 1206 914 1246 τοῦ
946 1210 1243 1249 πεπονθέναι.

151 1291 202 1297 —
249 1266 344 1310 253.
379 1268 453 1311 lin.
481 1272 520 1313 6.
552 1287 573 1311 a
603 1271 685 1310 fine
718 1271 829 1325 lege:
860 1273 1067 1329 sapientes
1099 1292 1185 1316 esse
1218 1277 1374 1320 definit.

151 1359 197 1367 --
246 1336 342 1378 255.
375 1337 445 1380 lin.
475 1339 514 1381 6.
548 1341 658 1393 lege:
691 1342 954 1396 exspoliasse.

149 1427 201 1435 —
248 1405 343 1450 323.
376 1408 448 1451 lin.
479 1409 517 1452 8.
550 1427 572 1450 a
602 1411 684 1450 fine
715 1423 849 1452 textus
882 1413 995 1466 lege:
1027 1415 1181 1472 scripta
1212 1419 1378 1461 habent.

148 1498 200 1507 —-
251 1476 346 1520 335.
379 1478 448 1520 lin.
481 1479 520 1522 4.
553 1481 664 1533 lege:
697 1482 883 1526 deduxit.

147 1569 198 1576 —
244 1545 340 1589 346.
374 1549 446 1591 lin.
477 1549 547 1593 26.
590 1562 628 1591 et
667 1551 732 1593 27.
775 1551 888 1604 lege:
933 1565 976 1594 at
1015 1554 1182 1610 penitus
1223 1571 1334 1599 certe
1378 1578 1530 1605 vacuae

671 1637 757 1662 non
786 1634 894 1665 sunt.

244 1685 342 1730 349.
375 1687 447 1729 lin.
481 1690 544 1732 15.
577 1691 693 1744 lege:
723 1697 827 1747 περὶ
858 1696 947 1736 τῶν
979 1694 1231 1752 δαιμόνων.

243 1754 340 1798 379.
371 1757 442 1803 lin.
477 1760 513 1802 1.
547 1760 662 1813 lege:
694 1761 984 1815 distinguatur.

222 1937 269 1993 ἐξ)
301 1939 479 1981 Leviora
510 1941 625 1992 vitia,
655 1943 689 1984 εἰ
714 1961 793 2000 qua
822 1947 1048 1988 oculorum
1069 1950 1201 1991 aciem
1225 1952 1421 2008 fugerim,
1451 1957 1525 1997 be-

111 1994 290 2035 nevolus
321 1996 457 2037 lector
490 2015 684 2041 excusare
715 2002 831 2054 velit,
862 2004 1048 2060 mihique
1070 2007 1180 2064 justo
1204 2008 1302 2050 loco
1322 2010 1522 2057 indicare.
