1759 3125
472 89 861 130 Omffl-:Nmnonum
890 85 1032 127 ann
1053 86 1107 127 11.
1401 88 1484 132 225

63 215 162 241 nem
202 201 255 241 de
294 198 415 240 coelo
454 198 669 240 Christum
716 195 917 238 attulisse.
992 194 1132 237 Sensit
1175 195 1249 236 itle
1295 198 1484 253 quidem,

61 287 381 333 praeceptorem
412 292 533 317 suum
566 274 806 317 Cerdonem
837 284 1072 323 assectatus,
1106 272 1312 329 quidquid
1341 286 1481 315 actum

63 354 104 394 iu
138 352 259 394 terris
288 368 311 393 a
347 352 538 402 Christo,
572 363 613 392 et
642 350 977 392 administratum
1009 361 1091 399 est,
1133 351 1273 405 specie
1302 362 1481 402 tantum,

60 445 145 470 non
185 444 331 469 revera
370 441 532 481 gestum
572 428 720 481 fuisse3
768 444 847 468 nec
888 443 1031 467 veram
1071 425 1256 467 induisse
1298 443 1478 476 carnem,

57 507 131 547 sed
162 518 449 561 apparentem.
522 506 662 560 Quem
696 521 882 546 errorem
912 503 954 544 in
984 504 1177 559 proxime
1207 505 1477 560 sequentibus

59 599 156 623 cum
189 583 432 624 Gennadius
462 583 552 639 ipse
589 584 792 633 confutet,
825 581 892 621 hic
923 597 1023 621 vero
1054 581 1256 621 intactum
1294 594 1479 637 praeter-

57 660 220 709 mittat,
266 660 476 700 intellexit
514 660 627 700 haud
666 659 793 700 dubie
832 673 978 699 verum
1018 674 1066 699 ac
1107 658 1291 698 solidum
1325 675 1477 715 corpus

57 736 225 778 Christo
257 753 280 777 a
310 736 529 778 Marcione
561 736 689 776 fuisse
728 735 957 785 tributum,
1003 735 1338 777 contradicturus
1373 737 1479 777 alio-

56 813 160 869 quin
200 813 282 853 hoc
313 829 481 868 quoque
513 812 634 862 loco,
671 811 706 852 si
744 813 898 853 falsum
940 828 1092 867 corpus
1127 812 1294 853 Christo
1323 814 1477 854 adscri—

56 890 187 945 psisse
218 889 354 945 ipsum
387 888 669 930 existimasset.
738 888 889 930 Simile
922 889 1139 945 quidpiam
1171 891 1223 929 de
1254 891 1476 932 {Marcione

56 967 259 1021 scriptum
290 965 465 1022 reliquit
494 965 675 1017 Vigilius
705 965 778 1007 lib.
811 965 848 1009 3.
892 978 1037 1007 contra
1073 966 1322 1024 Euty-chem.
1382 968 1475 1011 Eu-

56 1041 280 1098 tychiana
311 1041 513 1084 haeresis
543 1045 591 1084 iu
621 1040 674 1084 id
693 1044 948 1098 impietatis
958 1042 1181 1099 prolapsa
1202 1051 1270 1085 est
1302 1057 1474 1097 errore,

54 1127 106 1161 ut
136 1133 226 1161 non
256 1120 400 1162 solum
443 1120 580 1162 Verbi
603 1126 651 1161 et
691 1121 847 1162 carnis
887 1132 1031 1160 unam
1062 1118 1226 1162 eredat
1260 1133 1352 1163 esse
1392 1135 1473 1165 na-

54 1205 233 1249 turam,
287 1210 442 1240 verum
483 1198 626 1239 etiam
664 1193 785 1239 hanc
822 1194 1016 1238 eandem
1063 1210 1252 1239 carnem
1290 1212 1381 1240 non
1421 1198 1476 1242 de

51 1286 184 1316 sacro
218 1274 402 1317 Mariae
432 1275 629 1330 virginis
658 1286 846 1330 corpore
877 1271 1152 1324 adsumtum,
1183 1273 1266 1316 sed
1282 1274 1336 1317 de
1355 1279 1474 1320 coelo

54 1350 205 1402 dicat,
233 1353 384 1408 juxta
420 1349 671 1406 infandum
720 1351 956 1394 Valentini
989 1358 1036 1393 et
1073 1351 1322 1395 Marcionis
1351 1368 1475 1397 erro-

53 1440 166 1483 rem,
184 1429 338 1484 fuisse
369 1427 628 1471 deductam.
686 1426 764 1470 Ita
786 1430 1100 1483 pertinaciter
1140 1427 1333 1472 Verbum
1367 1446 1472 1474 car-

52 1519 155 1547 nem
185 1519 390 1548 asserens
415 1505 631 1560 factum,
675 1512 728 1547 ut
762 1516 848 1560 per
887 1506 1136 1559 virginem,
1183 1519 1239 1547 ac
1275 1510 1319 1548 si
1351 1523 1474 1566 aqua

49 1597 136 1640 per
151 1583 372 1639 fistulam
404 1585 640 1625 transiisse
668 1580 906 1631 videatur;
936 1594 1026 1622 non
1051 1588 1205 1623 tamen
1227 1591 1280 1624 ut
1297 1583 1352 1626 de
1382 1590 1473 1629 vir-

46 1663 162 1716 gine
191 1657 388 1715 aliquid,
429 1658 549 1716 quod
575 1662 728 1701 nostri
762 1659 823 1699 sit
857 1659 1067 1713 generis,
1109 1656 1380 1704 adsumsisse
1409 1667 1472 1706 vi-

52 1735 233 1778 deatur.
301 1738 359 1778 At
404 1738 558 1778 falsum
604 1753 712 1786 esse,
768 1751 937 1776 carnem
981 1735 1160 1776 solidam
1210 1736 1251 1777 in
1301 1740 1470 1783 Christo

51 1814 314 1855 Marcionem
346 1814 576 1867 agnovisse,
607 1814 824 1854 declarant
841 1811 1130 1853 Tertullianus
1161 1813 1234 1855 lib.
1260 1816 1335 1857 ΙΙΙ.
1370 1834 1471 1859 con·

50 1903 113 1932 tra
144 1891 274 1934 Marc.
308 1909 397 1947 cap.
431 1891 510 1941 11„
543 1902 584 1931 et
614 1902 707 1931 toto
740 1889 835 1930 libr.
868 1890 920 1929 de
953 1904 1074 1929 carne
1108 1889 1276 1941 Christi,
1308 1905 1350 1933 et
1377 1912 1472 1950 pas-

50 1968 151 2020 sim;
182 1980 224 2009 et
252 1968 499 2010 philastrius
529 1968 654 2012 Haer.
680 1967 747 2009 44.
780 1978 822 2006 et
850 1966 932 2015 45„
962 1965 1224 2020 Epiphanius
1255 1968 1378 2013 Haer,
1401 1972 1469 2015 41,

1 2045 4 2046 ⁷
52 2062 139 2101 cap.
173 2046 209 2089 1.
243 2058 284 2086 et
313 2047 438 2087 Haer.
469 2046 536 2088 42.
572 2062 660 2100 cap.
689 2044 752 2095 2.,
802 2054 843 2083 et
882 2043 1178 2083 Theodoretus
1211 2044 1333 2087 Haer.
1366 2048 1469 2092 Fab.

16 2117 26 2126 ”
53 2122 121 2163 lib.
154 2123 185 2165 Ι.
217 2139 307 2178 cap.
339 2123 406 2165 24.
465 2124 554 2163 Nec
593 2120 731 2161 verius
772 2131 856 2170 est,
908 2135 1153 2175 persuasum
1192 2120 1301 2162 illud
1341 2125 1468 2167 fuisse

52 2198 238 2251 Origeni,
270 2201 387 2255 quod
419 2199 458 2240 ei
488 2198 651 2251 affingit
681 2196 945 2239 Gennadius:
987 2198 1111 2237 verba
1141 2197 1349 2254 siquidem
1382 2201 1468 2259 ejus

50 2273 149 2315 haec
179 2287 276 2316 sunt
305 2277 433 2318 Hom.
467 2276 534 2320 14.
566 2276 608 2316 in
640 2276 742 2317 Luc.
805 2272 938 2326 Quod
964 2272 1143 2330 quidem
1173 2282 1216 2315 et
1250 2274 1470 2320 adversus

49 2364 121 2393 eos
147 2352 302 2407 facit,
342 2357 422 2409 qui
456 2359 638 2409 negant
676 2352 928 2394 Dominum
968 2359 1176 2393 nostrum
1214 2351 1467 2396 humanum

51 2426 259 2471 habue‘sse
290 2444 467 2488 eorpus,
496 2428 579 2472 sed
605 2430 871 2472 coelestibus
900 2435 946 2470 et
975 2427 1294 2484 spiritualibus
1310 2431 1466 2485 fuisse

49 2513 329 2549 contextum.
387 2508 441 2552 Si
473 2510 594 2549 enim
631 2505 686 2549 de
724 2504 1014 2555 coelestibus,
1064 2512 1111 2547 et
1146 2513 1200 2547 ut
1235 2507 1309 2549 illi
1331 2510 1465 2564 falso

50 2581 294 2634 adserunt,
340 2583 395 2627 de
437 2583 684 2636 sideribus,
743 2592 790 2626 et
828 2585 926 2627 alia
963 2581 1162 2639 quadam
1198 2585 1465 2638 sublimiori,

49 2661 365 2716 spiritualique
401 2669 578 2703 natura
618 2672 779 2716 corpus
808 2661 905 2714 ejus
930 2662 1115 2718 fuerit,
1155 2661 1464 2717 respondeant

53 2748 218 2791 quare,
261 2748 336 2778 etc.
404 2739 593 2780 Homilia
632 2754 801 2793 quoque
834 2739 899 2782 17.
942 2737 984 2779 in
1025 2738 1203 2778 eundem
1242 2739 1463 2792 Evangeli-

51 2823 180 2861 stam,
219 2812 271 2853 ad
309 2806 354 2847 id
394 2809 509 2863 quod
544 2809 719 2854 habetur
765 2830 853 2871 cap.
883 2815 936 2856 ΙΙ.
967 2832 1071 2857 vers.
1102 2815 1169 2860 34.
1228 2815 1308 2865 „Et
1339 2816 1379 2856 in
1410 2817 1462 2858 si-

58 2888 278 2933 Ossmssms
309 2883 482 2928 OPERA.
513 2885 632 2931 ΤΟΜ.
664 2889 806 2932 XXII.
1162 2892 1213 2934 15
