1759 3125
0 2922 8 3125 η--ιψ-ΫἾΨἼ-
0 2867 3 2900 -
0 2815 2 2831 2<

658 62 895 103 Excunsus
928 61 958 103 Ι.
1435 65 1518 112 371

97 176 180 225 ἔξω
216 176 294 218 τοῦ
324 176 540 221 θέλοντος
570 175 718 222 καλῶς
749 173 941 230 ἐγένετο,
973 167 1087 228 ἤπερ
1115 172 1180 230 μὴ
1210 189 1521 235 περιεργασα-

94 257 262 309 μένους
293 249 413 306 ἡμᾶς
440 247 494 293 τὰ
525 252 631 306 περὶ
658 251 739 293 τοῦ
771 246 1046 306 θελήματος,
1090 255 1292 306 νομίζειν
1324 251 1442 298 εἶναι
1471 255 1521 300 τὸ

94 335 246 373 ποιεῖν
275 327 323 371 τὸ
355 331 533 385 θέλημα
563 330 642 371 τοῦ
680 330 973 384 πέμψαντος,
1012 327 1063 370 ἓν
1102 331 1165 384 ’τῷ
1198 327 1306 374 τάδε
1335 330 1436 374 τινὰ
1467 330 1519 375 u}

95 408 178 456 ἔξω
210 410 378 448 ποιεῖν.
432 404 608 449 Ἐκεῖνο
651 403 763 462 γὰρ,
806 406 922 460 λέγω
966 405 1017 448 δὲ
1046 403 1096 448 τὸ
1129 407 1210 455 ἔξω
1242 409 1322 450 τοῦ
1354 410 1522 452 θέλον-

92 502 179 538 τος,
214 481 465 540 γινόμενον
487 484 632 539 χωρὶς
663 484 740 525 τοῦ
771 486 1105 539 προειρημένου
1135 481 1404 539 θελήματος,
1437 485 1521 543 οὐχ

93 559 204 605 ὅλον
231 561 321 616 μὲν
350 558 398 603 τὸ
430 564 608 616 θέλημα
647 562 727 603 τοῦ
759 557 954 616 πατρὸς·
995 562 1092 602 πᾶν
1130 560 1186 603 δέ
1222 562 1314 604 ἔστι
1353 561 1403 605 τὸ
1436 566 1521 607 θέ-

91 642 213 696 λημα
244 641 323 681 τοῦ
357 635 528 694 πατρὸς
560 635 650 680 ὑπὸ
682 639 762 680 τοῦ
795 639 896 680 υἱοῦ
928 634 1204 694 γινόμενον,
1254 635 1326 682 ὅτε
1355 638 1405 682 τὸ
1437 645 1520 684 θέ-

90 719 186 759 λειν
216 718 294 758 τοῦ
328 717 438 759 θεοῦ
469 712 725 772 γενόμενον
755 715 804 758 ἒν
833 715 896 770 τῷ
928 715 1012 770 υἱῷ
1042 719 1171 758 ποιεῖ
1195 716 1358 770 ταῦτα,
1402 713 1521 774 ἅπερ

88 791 298 848 βούλεται
334 790 384 835 τὸ
423 796 603 849 θέλημα
642 793 723 835 τοῦ
762 793 887 835 θεοῦ.
953 788 1118 839 Mdvog
1155 791 1206 836 δὲ
1238 789 1260 835 ὁ
1293 792 1390 843 υἱὸς
1419 797 1517 838 πᾶν

89 868 140 913 τὸ
172 873 361 929 θέλημα
391 875 519 915 ποιεῖ
547 872 757 927 χωρῆσαι
798 869 900 925 (leg.
926 866 1162 925 χωρήσας)
1203 872 1284 913 τοῦ
1322 870 1515 930 πατρός·

90 944 251 1002 διόπερ
284 950 361 989 καὶ
392 946 584 1004 εἷκώνῙ)
626 945 784 990 αὐτοῦ.
849 945 1177 990 Ἐπισκεπτέον
1216 947 1266 990 δὲ
1304 951 1381 990 καὶ
1412 951 1520 1006 περὶ

87 1027 168 1067 τοῦ
198 1022 338 1080 ἁγίου
369 1023 640 1078 πνεύματος.
701 1024 751 1064 In
791 1024 970 1064 eandem
1008 1023 1260 1064 sententiam
1292 1023 1364 1066 lib.
1395 1026 1514 1075 VIII,

88 1119 203 1142 num.
236 1101 302 1144 12.
336 1112 481 1141 contra
512 1100 682 1142 Celsum
715 1101 862 1149 docet,
904 1100 1074 1140 Patrem
1115 1111 1156 1140 et
1187 1100 1350 1141 Filium
1381 1118 1515 1144 unum

89 1195 177 1220 esse
210 1176 460 1220 identitate
489 1178 768 1228 voluntante,
799 1176 1031 1232 ταύτότητι
1058 1175 1357 1234 βουλήματος.
1417 1181 1517 1222 Non

86 1257 214 1309 magis
245 1257 454 1311 discrepat
483 1256 554 1296 lux
584 1272 606 1297 a
638 1255 844 1305 tenebris,
885 1271 1012 1311 quam
1056 1255 1160 1295 haee
1200 1255 1394 1308 Origenis
1425 1274 1518 1298 sen-

87 1334 219 1375 tentia
260 1335 311 1374 ab
355 1334 610 1374 ‚arianorum
651 1332 914 1372 commentis.
982 1332 1058 1372 Isti
1101 1331 1215 1373 enim
1253 1334 1307 1374 ad
1343 1346 1516 1376 naturae

89 1410 479 1452 dissimilitudinem
511 1410 729 1450 trahebant
767 1410 849 1449 hoc
887 1409 991 1450 Filii
1021 1408 1064 1449 in
1095 1410 1301 1451 mandatis
1330 1412 1516 1466 paternis

88 1488 368 1544 obsequium:
409 1499 452 1527 at
491 1486 693 1539 Origenes
733 1487 994 1526 voluntatem
1037 1486 1174 1526 Patris
1221 1502 1244 1526 a
1272 1487 1388 1528 Filio
1421 1506 1518 1544 per-

87 1566 160 1607 fici
190 1566 346 1614 statuit,
379 1580 466 1605 non
497 1565 614 1619 quod
643 1564 839 1603 mandata
869 1563 1005 1604 Patris
1042 1563 1180 1604 Filius
1218 1563 1350 1605 instar
1380 1566 1517 1624 cujus-

90 1645 185 1685 dam
216 1641 398 1682 ministri
431 1652 638 1697 capessat,
668 1642 743 1682 sed
774 1639 871 1696 quia
902 1639 1016 1680 solus
1045 1639 1184 1680 Filius
1213 1652 1349 1683 totam
1379 1644 1515 1685 Patris

88 1721 350 1761 voluntatem
385 1719 522 1774 capit,
563 1730 605 1758 et
645 1729 735 1759 tota
774 1718 969 1758 voluntas
1003 1716 1139 1758 Patris
1170 1717 1213 1758 in
1242 1718 1360 1759 Filio
1391 1737 1516 1772 gene-

86 1811 175 1839 rata
209 1797 310 1838 facit
343 1812 402 1846 ea,
435 1811 540 1851 quae
572 1795 663 1835 vult
693 1795 887 1835 voluntas
917 1794 1016 1837 Dei.
1087 1793 1199 1834 Hinc
1228 1796 1386 1850 repetit
1417 1796 1516 1838 Ori-

88 1891 212 1928 genes
244 1873 435 1926 imaginis
465 1872 688 1922 rationem,
720 1888 897 1928 eamque
928 1887 1015 1911 non
1047 1872 1227 1911 obscure
1254 1872 1442 1914 declarat
1470 1874 1515 1915 in

88 1954 170 1993 hoc
210 1967 298 1992 esse
335 1949 543 2005 positam,
590 1950 707 2005 quod
752 1961 843 1990 tota
880 1948 1016 1990 Patris
1051 1948 1281 1990 substantia
1319 1948 1362 1990 in
1398 1949 1513 1991 Filio

88 2031 154 2072 sit.
224 2029 334 2069 Hinc
379 2027 504 2068 Tom.
536 2027 629 2068 XV.
670 2026 714 2067 in
759 2028 911 2068 Matth.
949 2043 1064 2068 num.
1095 2025 1160 2069 10.
1201 2025 1260 2066 sic
1300 2026 1513 2083 loquitur:

87 2108 156 2152 Ac
184 2105 404 2149 Salvator
434 2102 635 2159 quidem,
681 2110 734 2145 ut
772 2110 840 2146 est
879 2106 1035 2160 imago
1053 2104 1095 2157 ²)
1136 2103 1234 2145 Det
1258 2102 1513 2157 invisibilis,

88 2188 158 2227 ita
188 2191 234 2226 et
265 2182 546 2237 bonitatis&
585 2183 723 2237 ipsius
753 2183 908 2237 imago
938 2186 1033 2237 est„
1077 2180 1141 2222 Ex
1173 2197 1258 2237 quo
1289 2192 1418 2236 patet,
1448 2181 1514 2222 ni-

87 2263 149 2303 hil
181 2261 409 2313 Origenem
441 2259 656 2300 admisisse
686 2258 729 2299 in
760 2257 1012 2314 exemplari,
1051 2257 1169 2313 quod
1198 2273 1286 2298 non
1316 2257 1513 2298 admitte-

87 2351 154 2381 ret
183 2339 225 2379 in
255 2337 448 2389 imagine.

202 2415 411 2458 Similiter
442 2414 570 2458 Tom.
600 2414 783 2455 XXXII.
823 2412 868 2453 in
897 2413 1051 2454 Joann.
1084 2428 1199 2454 num.
1220 2411 1288 2456 18.
1318 2410 1450 2469 ”Ολ.ης
1468 2412 1511 2471 ⁴)

211 2585 249 2640 ¹)
285 2583 452 2624 Coloss.
483 2584 518 2632 I,
550 2582 616 2625 15.
649 2583 747 2624 coll.
780 2582 822 2622 II
856 2581 953 2621 Cor.
987 2581 1062 2631 IV,
1091 2580 1132 2623 4.

208 2655 250 2709 ²)
283 2653 448 2695 Coloss.
480 2653 512 2701 I,
546 2652 610 2694 15.
645 2652 743 2692 coll.
777 2652 819 2692 II
852 2651 951 2693 Cor.
984 2651 1057 2700 IV,
1088 2649 1127 2691 4.

207 2725 250 2778 ³)
282 2724 380 2779 Sap.
413 2723 574 2765 Salom.
603 2723 699 2772 Vll,
729 2722 798 2765 26.

207 2795 249 2850 ⁴)
282 2794 369 2835 Csr.
401 2794 465 2834 ed.
498 2804 626 2835 nostr.
659 2793 784 2836 Tom.
820 2793 875 2833 II.
909 2806 1000 2848 pag.
1032 2789 1129 2833 470.

1051 2867 1144 2911 24*
