1759 3125
478 102 868 142 Omenmmonum
899 98 1041 138 LIBER
1073 100 1125 139 11.
1413 99 1495 143 235

89 215 218 265 vexit3
247 213 314 253 vel
345 211 465 267 hujus
498 210 577 251 erit
607 209 750 265 potius
781 208 924 261 flagitii
955 225 1072 257 reus,
1114 209 1228 263 quod
1267 208 1309 248 in
1340 226 1382 249 se
1413 210 1498 250 Eu-

86 292 373 348 tychianorum
405 299 516 328 secta
547 289 750 342 quaedam
772 286 982 341 concepit,
1013 286 1112 325 dum
1130 285 1354 326 humanam
1377 285 1498 327 Chri-

86 368 138 408 sti
170 379 356 407 naturam
389 366 430 405 in
464 363 648 404 divinam
678 375 777 419 post
814 374 995 403 mortem
1037 361 1123 418 ejus
1156 374 1196 402 et
1226 363 1498 403 resurrectio-

84 459 180 484 nem
211 442 403 483 transisse
436 442 691 481 decerneret.
755 444 810 481 At
848 439 882 480 si
924 440 1147 479 humanam
1188 439 1344 480 Christi
1380 451 1499 479 natu-

82 535 191 568 ram,
236 529 355 559 exuta
392 530 490 574 post
527 529 708 558 mortem
750 516 1015 565 infirmitate,
1064 515 1246 556 divinam
1290 517 1499 571 quandam

81 596 312 650 suscepisse
352 595 595 651 qualitatem
632 594 763 634 modo
796 592 1064 645 significavit,
1106 593 1258 648 ecquid
1296 592 1497 633 invidiam

83 671 148 712 illi
184 672 251 712 vel
290 672 575 720 movebimus,
618 671 684 711 vel
722 671 885 711 moveri
927 671 1008 711 hoc
1045 670 1216 710 nomine
1258 671 1500 725 patiemur?

82 751 224 805 Atque
264 766 313 789 eo
353 748 528 805 propius
577 759 768 802 spectant
808 749 933 788 verba
972 747 1178 800 Origenis.
1257 748 1496 788 Verisimile

84 843 181 867 sane
223 839 283 867 est
325 838 507 867 veterem
542 824 785 876 Origeniani
825 825 865 864 in
899 825 1159 866 Matthaeum
1193 826 1498 867 Commentarii

83 903 356 959 interpretem
378 919 522 942 vocem
544 903 670 941 hanc:
702 899 954 955 defficam’t:
985 919 1065 958 qua
1081 902 1228 952 utitur,
1260 919 1281 943 e
1307 903 1496 945 Graeco:

83 981 273 1024 ἒθέωσε·
317 981 402 1020 vel:
445 981 737 1031 ἕίὶὲοποίησε·
779 978 1023 1019 reddidisse.
1103 979 1235 1034 Atqui
1275 979 1496 1021 humanam

82 1069 269 1097 naturam
317 1057 358 1097 in
402 1057 569 1098 Clu-isto
619 1055 760 1096 statim
809 1067 907 1111 post
957 1068 1210 1110 conceptum
1253 1062 1499 1111 .¹}eo)·‘)›}vcca‚

83 1146 122 1174 et
143 1138 472 1189 θεοποιηθῆναι
495 1133 735 1188 complures
760 1132 961 1173 ecclesiae
983 1133 1127 1174 Patres
1157 1135 1496 1189 pronuntiarunt.

83 1211 311 1265 Gregorius
333 1211 542 1268 Kyssenus
574 1210 616 1249 in
646 1210 872 1250 Jambicis:

278 1287 403 1330 Οὕτω
436 1286 483 1328 τὸ
516 1290 719 1337 aetham,
751 1291 826 1329 καὶ
856 1289 1057 1342 asma-311,
1092 1283 1151 1336 εἷς
1182 1289 1300 1339 θεὸς.

84 1367 407 1423 Chrysostomus
437 1364 624 1404 Humilia
647 1365 687 1407 2.
721 1365 772 1404 de
804 1366 1076 1416 Ascensione‚
1106 1367 1148 1407 in
1181 1384 1262 1423 qua
1284 1367 1496 1409 Christum

84 1442 186 1483 dicit
216 1441 329 1498 πρὸς
357 1439 477 1496 ἡμᾶς
509 1443 671 1492 ἐλθεῖν,
703 1445 779 1483 καὶ
804 1439 938 1497 ἡμῶν
962 1441 1104 1500 quotu
1129 1443 1388 1499 ἀναλαβεῖν,
1421 1451 1498 1488 καὶ

83 1523 272 1564 fimum.
317 1520 500 1560 Joannes
530 1535 700 1574 quoque
726 1519 1011 1560 Damascenus
1048 1520 1141 1561 libr.
1173 1520 1210 1563 3.
1245 1523 1296 1561 de
1326 1523 1395 1563 fid.
1431 1540 1499 1563 or-

85 1598 203 1639 thod.
235 1614 325 1652 cap.
360 1598 448 1644 12„
489 1592 635 1651 σάρκα
677 1594 764 1638 ὑπὸ
794 1599 872 1638 τοῦ
905 1595 1044 1651 λόγου
1076 1601 1310 1652 ι’)-εωθῆναι
1337 1601 1496 1643 asserit.

84 1676 246 1715 Vocem
288 1676 615 1726 {leonotyp't'vr'pscu
658 1673 804 1712 eadem
851 1673 1026 1714 notione
1062 1675 1282 1730 usurpavit
1316 1678 1500 1719 Athana-

84 1751 167 1791 sius
199 1752 313 1792 Orat.
347 1752 408 1801 4.,
449 1766 542 1790 cum
584 1754 914 1804 θεοποιηθήναι
956 1747 1210 1807 ἄνθρωπον
1239 1752 1280 1793 in
1316 1754 1497 1805 Christo,

86 1839 126 1868 et
168 1827 322 1868 Christi
361 1827 441 1883 jam
482 1827 732 1878 resurgentis
773 1834 1132 1880 ι’)εοῑιοιηθεῐσαν
1172 1845 1337 1871 carnem
1381 1832 1497 1874 dixit.

84 1906 221 1959 Atque
261 1904 366 1944 illud
401 1915 481 1954 est,
523 1905 638 1958 quod
679 1904 758 1944 sibi
798 1905 888 1944 vult
927 1905 1178 1956 Augustinus
1217 1907 1312 1949 libr.
1355 1921 1498 1950 contra

84 1983 278 2024 Sermon.
340 1982 590 2022 Arianorum
624 1997 711 2036 cap.
743 1982 797 2031 8.,
828 1998 923 2022 cum
954 1982 1031 2022 ait:
1064 1982 1191 2038 Ergo
1222 1991 1267 2024 et
1296 1987 1389 2027 ista
1420 1986 1500 2028 llu-

84 2061 288 2101 mam'tas
317 2059 440 2100 illius
469 2058 726 2099 devenimus·
756 2071 916 2100 nomen
941 2061 1128 2115 accepit.
1180 2060 1291 2102 Huic
1321 2063 1400 2119 ipsi
1425 2065 1500 2117 igi-

85 2148 154 2177 tur
179 2148 364 2185 naturae,
397 2152 501 2192 quae
531 2141 786 2189 θεωθξῐσα,
828 2147 869 2176 et
908 2143 1259 2193 2‘l·‹507101›7·')-÷1”occ,
1297 2139 1423 2182 simul
1454 2155 1500 2184 ut

86 2230 176 2254 eam
206 2213 410 2263 assumsit,
442 2225 483 2254 et
510 2212 554 2253 in
583 2214 704 2253 terris
734 2225 919 2254 versatus
961 2226 1020 2254 est
1053 2214 1254 2265 Christus,
1283 2217 1393 2259 dicta
1426 2213 1499 2269 est,

85 2291 222 2347 aptius
253 2291 378 2331 etiam
418 2307 542 2331 voces
587 2290 688 2330 istae
730 2292 1004 2340 conveniunt,
1045 2304 1269 2347 postquam
1306 2302 1500 2337 mortem

85 2371 233 2411 crucis
259 2369 478 2424 suscepit,
506 2375 553 2410 et
581 2370 791 2410 surrexit
822 2380 852 2408 a
882 2370 1077 2410 mortuis
1143 2371 1250 2410 Nam
1281 2387 1359 2426 per
1389 2390 1503 2414 mor-

86 2458 172 2487 tem
207 2446 451 2487 mortalium
494 2462 721 2501 corporum
760 2445 1097 2486 imbecillitatem
1141 2447 1341 2502 deposuit
1371 2450 1501 2505 ipsius

89 2539 262 2579 corpus,
310 2536 351 2564 et
390 2524 584 2563 virtutem
634 2523 842 2578 quandam
887 2522 1068 2562 divinam
1109 2525 1306 2580 suscepit.
1384 2529 1502 2570 llanc

91 2599 333 2653 origeniani
373 2600 483 2651 loci,
537 2617 661 2657 quam
709 2600 875 2649 damus,
930 2599 1238 2653 expositionem
1283 2605 1502 2646 confirmat

89 2675 219 2731 ipsius
257 2677 448 2729 Origenis
493 2678 545 2719 ad
584 2677 697 2719 Celsi
737 2676 1026 2719 cavillationes
1054 2678 1299 2734 responsio:
1349 2681 1410 2724 Τὸ
1452 2685 1501 2726 δὲ

93 2750 275 2805 θνητὸν,
305 2752 440 2808 inquit
477 2754 548 2795 lib.
580 2755 655 2795 Ill.
687 2772 800 2796 num.
832 2755 898 2798 41.
933 2767 1076 2795 contra
1121 2756 1315 2806 Celsum,
1362 2758 1499 2801 αὐτοῦ

92 2831 251 2884 σῶμα,
296 2834 369 2871 καὶ
411 2830 488 2884 τὴν
526 2831 825 2887 ἀνθρωπίνην
865 2835 913 2873 ἐν
945 2833 1064 2887 αὐτῷ
1101 2831 1273 2888 ψυχὴν,
1308 2838 1356 2893 τῇ
1391 2837 1503 2895 πρὸς
