1759 3125
475 103 862 143 ORIGEMANORUM
890 100 1031 139 Lmen
1055 99 1105 139 11.
1399 95 1482 139 293

183 216 230 256 In
264 212 454 265 Origenis
485 211 733 252 sententiam
764 212 851 251 fere
884 208 1079 250 concedit
1110 206 1338 258 Gregorius
1372 207 1476 263 Nys-

70 309 190 333 senus
221 290 312 331 libr.
343 289 383 329 in
416 290 730 340 Hexaemer0n3
761 304 856 328 nam
874 301 999 342 aquas
1020 285 1126 334 illas,
1159 299 1258 339 quas
1281 284 1331 323 ab
1361 282 1477 337 aquis

69 367 336 409 inferioribus
376 366 517 405 Deum
558 365 743 406 divisisse
782 376 920 405 narrat
958 363 1101 404 Moses
1139 361 1324 401 secundo
1366 374 1478 398 crea-

68 445 194 485 tionis
234 444 325 492 die,
367 443 568 483 coelestes
607 442 781 483 virtutes
817 442 1137 496 interpretatur3
1175 450 1215 478 at
1257 435 1478 477 inferiores

68 537 189 576 aquas
228 536 307 575 pro
347 519 467 559 malis
507 519 663 571 angelis
701 519 944 574 neutiquam
983 516 1172 571 accipere
1207 531 1249 555 se
1280 513 1476 554 declarat.

65 598 230 638 Placuit
260 613 430 652 quoque
470 596 617 651 opinio
658 596 813 636 isthaec
855 594 1089 647 Augustino
1131 592 1225 634 libr.
1257 590 1322 633 13.
1365 589 1476 629 Con-

65 675 160 715 sess.
193 689 280 728 cap.
314 675 378 716 15.
438 672 542 712 Tale
575 671 699 711 etiam
729 672 888 728 aliquid
928 672 978 712 ad
1011 669 1204 721 Origenis
1235 666 1476 721 exemplum

68 760 328 789 commentus
372 761 432 789 est
472 749 654 790 Isidorus
693 749 854 801 Origin.
895 749 987 791 libr.
1022 749 1057 791 7.
1105 765 1192 803 cap.
1227 747 1266 789 5.
1334 740 1475 792 Unde,

66 825 216 881 inquit,
247 831 291 865 et
318 834 418 880 post
450 826 564 867 coeli
593 828 872 867 creationem
901 829 948 868 in
967 828 1195 882 principio
1219 822 1476 879 reperitur:

66 903 244 958 ‚,Fiat¹)
276 903 601 953 firmamentum,
634 914 674 942 et
707 915 902 944 vocatum
941 915 1001 944 est
1038 903 1348 943 firmamentum
1380 912 1476 937 coe-

67 980 175 1020 lum:
195 985 219 1003 “
250 981 466 1020 nimirum
498 977 750 1030 ostendens,
781 979 900 1035 qnod
920 987 1025 1036 post
1058 982 1247 1020 ruinam
1278 974 1474 1030 angelo-

66 1070 170 1098 rum
199 1056 424 1097 malorum
444 1055 503 1107 Ιιί,
537 1058 997 1112 qztc'permanserunt,
1014 1055 1302 1111 firmitatem
1326 1056 1475 1092 aeter-

67 1147 154 1174 mte
186 1135 561 1188 perseverantiae
602 1135 834 1174 consecuti
866 1140 997 1187 sunt,
1045 1132 1169 1172 mello
1199 1132 1306 1187 jam
1346 1128 1476 1182 lapsa

65 1212 227 1260 aversi,
259 1208 388 1249 nulla
415 1208 629 1265 superbla
670 1208 906 1260 cadentes,
944 1206 1024 1249 secl
1061 1208 1262 1255 firmiter
1299 1209 1347 1246 iu
1387 1205 1482 1249 Dee·

66 1300 233 1336 amore,
263 1294 308 1327 et
338 1286 718 1341 contemplatione
750 1293 1010 1335 manentes,
1047 1284 1164 1327 m'lez'l
1192 1281 1322 1326 allud
1349 1280 1477 1323 dulce

67 1363 251 1414 habent,
282 1365 372 1403 uisi
398 1375 512 1411 eum,
545 1376 573 1401 α
604 1375 686 1417 qno
720 1367 872 1404 creati
895 1369 1015 1403 sunt.

179 1441 257 1480 XI.
316 1440 382 1478 De
414 1439 656 1490 angelorum
690 1439 904 1488 libertate,
942 1439 1122 1488 meritis,
1154 1438 1305 1491 gratia,
1339 1451 1476 1476 remu-

64 1516 295 1564 neratione,
326 1532 373 1555 ac
412 1515 560 1570 poenis
590 1517 719 1556 multa
760 1517 960 1569 Origenes
1000 1518 1051 1556 ab
1088 1517 1289 1556 ccclesiae
1326 1527 1474 1553 norma

67 1594 224 1633 deflexa
256 1591 514 1643 excogitavit.
576 1594 752 1634 Baiuras
784 1594 941 1650 quippe
981 1609 1126 1634 omnes
1163 1593 1326 1632 ratione
1355 1605 1475 1644 prae-

69 1671 172 1710 ditas
214 1669 335 1709 unius
389 1686 474 1710 esse
518 1669 789 1728 ejusdemque
830 1670 986 1725 speciei
1031 1670 1222 1711 credidit.
1292 1666 1474 1718 Angelos

67 1760 205 1788 autem
235 1749 370 1787 honos
403 1759 443 1786 et
473 1749 620 1798 malos,
653 1760 692 1788 et
723 1748 878 1788 animas
920 1747 1160 1788 hominibus
1191 1762 1238 1786 ac
1268 1743 1474 1784 sideribus

66 1825 218 1865 inditas
248 1824 289 1864 in
334 1841 428 1864 eum
469 1841 635 1864 censum
675 1825 842 1874 retulit,
887 1825 951 1865 uti
987 1841 1111 1880 supra
1151 1836 1364 1864 ostensum
1404 1831 1476 1862 est.

66 1902 150 1943 Has
187 1913 281 1942 ante
320 1903 526 1941 mundum
563 1914 727 1942 naturas
768 1919 790 1942 a
836 1903 932 1942 Deo
973 1902 1161 1942 conditas
1198 1900 1324 1939 fuisse
1364 1909 1476 1938 ratus

69 1990 150 2029 est,
199 1995 246 2018 ac
289 1979 397 2018 bene
438 1979 505 2018 vel
543 1980 652 2020 male
689 1980 836 2032 agendi
874 1979 1074 2019 facultate
1113 1978 1351 2025 instructas,
1396 1991 1476 2030 qua

10 2079 15 2096 π
68 2056 309 2112 priusquam
341 2067 579 2106 uterentur,
620 2056 745 2106 νόας,
782 2058 863 2097 hoc
896 2069 974 2107 est,
1014 2068 1174 2096 mentes
1216 2054 1361 2105 fuisse3
1401 2053 1475 2093 sed

69 2133 207 2174 statim
238 2149 286 2173 ea
314 2149 429 2182 usas,
461 2145 502 2173 et
532 2133 704 2174 diversis
745 2135 916 2189 quidem
955 2133 1109 2182 modis,
1152 2149 1246 2172 cum
1286 2131 1390 2171 aliae
1430 2130 1474 2169 in

71 2209 227 2260 vitium,
258 2210 300 2250 in
332 2209 527 2249 virtutem
557 2211 662 2251 aliae
691 2212 911 2262 ferrentur,
940 2228 1019 2267 pro
1050 2209 1211 2250 meritis
1244 2223 1329 2248 esse
1360 2206 1475 2245 habi-

71 2299 142 2337 tas,
175 2300 216 2328 et
244 2286 395 2342 partim
427 2286 607 2327 admisso
647 2289 804 2330 scelere
842 2290 884 2330 in
925 2289 1187 2344 profundum
1224 2287 1475 2333 dmm—hams,

74 2365 224 2419 partim
255 2365 379 2405 etiam
409 2376 586 2419 propter
617 2366 796 2407 leviores
826 2383 954 2407 noxas
994 2383 1014 2406 e
1044 2363 1332 2420 superioribus
1365 2361 1477 2402 ordi-

74 2441 194 2482 nibus
234 2440 414 2498 dejectas
457 2443 508 2481 ad
547 2441 766 2483 inferiores
806 2444 1032 2492 transiisse,
1079 2454 1119 2482 et
1164 2442 1216 2481 ad
1260 2438 1479 2480 animanda

78 2535 245 2574 quoque
282 2518 500 2558 hominum
544 2536 722 2574 corpora
762 2538 846 2562 esse
887 2520 1102 2570 demissas3
1144 2519 1250 2559 adeo
1290 2529 1336 2557 ut
1373 2532 1479 2572 quo-

81 2612 241 2650 eunque
281 2597 376 2636 loco
417 2597 518 2645 sint,
558 2610 776 2652 acceptum
815 2598 858 2638 id
896 2597 1054 2638 meritis
1092 2597 1174 2637 suis
1211 2597 1368 2636 referre
1408 2595 1478 2633 de-

78 2672 224 2713 beant:
261 2670 407 2728 ψυχάς
436 2686 588 2725 autem,
619 2674 699 2715 hoc
733 2687 804 2725 est,
834 2676 1004 2730 animas,
1032 2687 1131 2716 tunc
1148 2673 1335 2722 evasisse,
1365 2681 1479 2726 post-

203 2833 243 2888 ¹)
273 2832 364 2875 cfr,
400 2832 504 2874 Gen.
541 2835 568 2883 1,
599 2835 640 2878 6.
675 2836 771 2878 coll.
800 2836 841 2880 8.
