1759 3125
257 64 340 109 342
675 65 817 107 Pn‘rm
847 65 1064 107 Dmnms
1097 64 1261 106 numu

258 180 307 239 τῇ
337 179 511 235 γενέσει
543 176 811 234 ἐφεστώτων
849 179 1088 237 ἀγγέλων,
1130 191 1171 219 et
1212 178 1383 231 angelos
1423 177 1680 235 ἐφεστῶτας

257 259 307 315 τῇ
339 252 490 311 ἀνόδῳ
522 268 838 297 commemorat.
898 257 954 297 Et
972 264 1071 296 'vero
1101 255 1316 311 posterior
1334 255 1409 296 illa
1429 255 1481 295 de
1512 256 1681 307 angelo-

257 349 352 373 rum
383 333 581 372 humanas
612 333 767 374 animas
811 334 853 374 in
893 350 984 374 suas
1015 333 1134 374 sedes
1164 333 1462 387 reponentium
1493 332 1681 373 ministe-

258 410 322 450 rio
362 408 569 450 sententia
619 411 819 451 ecclesiae
875 409 1117 451 Catholicae
1165 410 1332 465 placitis
1375 426 1560 451 consona
1608 422 1683 455 est.

258 486 452 528 Priorem
492 498 652 537 autem,
702 504 808 544 quae
856 487 1091 528 animarum
1131 486 1304 527 sationis
1347 504 1488 528 curam
1526 487 1683 540 angelis

258 563 477 614 adscribit,
528 580 716 620 quaeque
767 564 898 605 Tomi
926 564 1045 605 XIII.
1084 563 1126 604 in
1166 564 1316 604 Joann.
1360 564 1458 604 loco
1500 581 1523 606 a
1559 565 1682 605 nobis

260 659 384 698 supra
413 642 543 683 allato
579 642 833 692 continetur,
864 641 922 682 sic
953 641 1044 697 ipse
1068 640 1273 693 Origenes
1305 653 1491 683 excusat:
1528 646 1683 685 Ταῦτα

259 720 310 763 δὲ
342 719 424 763 οὐκ
465 718 839 776 ἀποᾳαινὸμενοι
878 722 1095 775 λέγομεν,
1137 720 1307 771 πολλῆς
1344 717 1435 778 γὰρ
1475 718 1681 775 βασάνου

259 795 313 839 τὰ
345 799 586 851 τηλικαῦτα
609 795 784 857 χρῄζει,
825 795 878 839 ἵν’
913 794 1076 856 εὑρεθῇ
1106 793 1303 855 πότερον
1333 794 1474 846 οὕτως
1500 798 1613 854 ἔχει,
1656 794 1681 850 ἦ

260 873 431 931 ἑτέρως.

368 951 545 993 XXXV.
614 951 901 993 praetermitti
955 963 1124 1007 poterat
1168 951 1356 1007 quaestio
1403 967 1581 1007 sequens
1630 952 1682 992 de

256 1029 665 1070 remunerationibus
705 1042 746 1070 et
784 1029 934 1085 poenis
971 1044 1049 1084 per
1091 1028 1261 1080 angelos
1301 1045 1324 1069 a
1365 1029 1461 1070 Deo
1503 1028 1683 1071 admini-

257 1105 456 1158 strandis;
495 1106 603 1147 nihil
645 1106 756 1147 enim
796 1108 981 1148 multum
1011 1106 1216 1146 abnorme
1249 1105 1358 1146 circa
1390 1105 1435 1145 id
1465 1121 1684 1157 argumen-

256 1193 345 1222 tum
366 1183 569 1235 Origenes
602 1184 863 1237 excogitavit.
916 1183 1131 1238 Quoniam
1160 1195 1302 1223 tamen
1334 1198 1430 1222 cum
1459 1182 1681 1238 superiore

255 1259 541 1313 disputatione
573 1263 771 1302 cohaeret
802 1262 889 1318 ejus
918 1260 1138 1309 tractatiO,
1170 1272 1211 1300 et
1240 1260 1456 1315 peculiare
1487 1260 1681 1300 nonnihil

257 1335 381 1376 habet
411 1339 710 1392 Adamantius3
750 1338 912 1379 idcirco
953 1338 1088 1393 ipsam
1122 1353 1293 1393 quoque
1325 1336 1476 1376 leviter
1506 1336 1683 1388 attinge·-

254 1428 359 1455 mus.
420 1415 610 1456 Homilia
638 1415 781 1471 itaque
811 1415 855 1455 in
885 1415 1113 1456 Jeremiam
1143 1415 1210 1457 21.
1242 1430 1357 1455 num.
1386 1412 1424 1456 6.
1456 1413 1683 1469 tripliciter

256 1490 511 1543 hominibus,
544 1509 649 1549 quae
680 1492 904 1548 promeriti
934 1504 1050 1543 sunt,
1090 1493 1235 1533 Deum
1274 1492 1508 1532 retribuere
1540 1503 1682 1531 osten-

257 1565 331 1616 dit,
362 1568 550 1624 primum
581 1586 659 1626 per
688 1586 744 1620 se,
776 1571 1008 1610 secundum
1039 1569 1148 1610 illud
1179 1569 1336 1611 Jerem.
1366 1569 1446 1619 LI,
1478 1569 1518 1611 6.
1580 1568 1680 1619 „Vi—

258 1643 545 1687 cissitudinem
575 1649 666 1703 ipse
697 1649 903 1688 retribuet
934 1647 1029 1689 ei:“
1061 1648 1216 1688 deinde
1246 1663 1325 1702 per
1341 1646 1474 1686 malos
1496 1645 1680 1698 angelos,

257 1723 490 1764 secundum
518 1724 627 1766 illud
658 1726 812 1766 Psalm.
845 1725 1083 1776 LXXVIII,
1104 1724 1172 1768 49.
1221 1723 1369 1775 „Misit
1398 1723 1441 1764 in
1472 1739 1544 1763 eos
1574 1723 1681 1762 iram

255 1798 554 1852 indignationis
591 1819 711 1854 suae,
741 1802 1096 1855 indignationem,
1129 1814 1170 1843 et
1200 1802 1329 1852 iram,
1370 1812 1411 1842 et
1440 1799 1681 1841 tribulatio-

255 1892 366 1927 nem,
396 1877 679 1920 immissiones
710 1873 787 1936 per
817 1881 987 1932 angelos
1003 1879 1197 1920 malos:“
1228 1895 1532 1935 nonnunquam
1555 1878 1681 1919 etiam

254 1969 332 2008 per
359 1956 518 2007 bonos,
559 1957 797 2015 cujusmodi
835 1959 970 1999 multa
1009 1959 1050 1998 in
1082 1956 1313 2012 Scripturis
1342 1955 1521 2011 reperiri
1552 1956 1679 1997 dicit:

256 2047 303 2071 ac
334 2031 493 2074 leviora
524 2036 696 2090 quidem
732 2035 907 2076 crimina
937 2035 1138 2075 ministris
1158 2034 1242 2075 suis
1270 2033 1520 2074 vindicanda
1535 2034 1678 2074 Deum

255 2111 518 2163 permittere,
548 2111 689 2167 ipsum
718 2129 820 2153 vero
852 2114 1063 2165 graviores
1092 2128 1220 2152 noxas
1246 2109 1407 2150 ulcisci.
1453 2109 1566 2150 Fuse
1596 2111 1677 2151 hoc

257 2200 547 2239 argumentum
580 2189 652 2230 lib.
683 2190 800 2230 VIII.
835 2201 967 2231 contr.
1001 2189 1110 2231 Cels.
1140 2204 1256 2228 num.
1288 2186 1355 2230 32.
1395 2187 1677 2243 persequitur,

257 2276 297 2304 et
328 2282 602 2322 quaecunque
645 2266 885 2307 hominibus
924 2267 1033 2306 mala
1074 2266 1340 2318 contingunt,
1387 2264 1474 2304 Dei
1501 2277 1606 2305 nutu
1637 2277 1678 2305 et

257 2342 438 2383 consilio
471 2360 493 2384 a
524 2344 801 2384 daemonibus
839 2344 1013 2384 immitti
1046 2345 1200 2399 probat
1239 2359 1285 2383 ex
1317 2343 1487 2383 laudato
1519 2341 1676 2383 Psalmi

252 2419 489 2461 LXXVIII.
522 2422 645 2474 loco;
675 2423 787 2463 bona
817 2439 916 2462 vero
949 2422 1000 2461 ab
1031 2421 1185 2473 angelis
1216 2420 1539 2461 subministrari.

369 2498 412 2537 In
445 2499 594 2554 quibus
634 2517 656 2540 a
694 2499 891 2552 magistro
933 2515 1008 2540 suo
1041 2499 1220 2540 Platone
1252 2515 1339 2538 non
1370 2498 1562 2549 recessit;
1604 2498 1674 2552 qui

253 2575 294 2615 iu
336 2577 562 2634 Symposio
603 2578 720 2618 Deos
763 2577 872 2617 inter
920 2589 962 2617 et
1000 2577 1191 2618 homines
1232 2576 1421 2617 medium
1460 2576 1674 2630 quoddam

254 2654 473 2694 constituit
502 2671 651 2707 genus,
692 2668 734 2695 et
774 2656 997 2696 daemones
1029 2655 1237 2710 appellat,
1277 2654 1525 2709 interpretes
1556 2661 1674 2693 utro-

251 2748 429 2787 rumque
463 2746 501 2773 et
532 2744 791 2788 sequestros,
831 2732 1158 2790 ἑρμηνεὺονϊας
1191 2736 1267 2775 καὶ
1297 2729 1672 2790 διαπορθμεὺον-

255 2826 331 2859 τας
366 2815 488 2858 θεοῖς
518 2808 571 2851 n}
604 2810 706 2868 παρ’
742 2809 1029 2868 ἀνθρώπων,
1063 2814 1134 2854 καὶ
1171 2809 1429 2869 ἀνθρώποις
1460 2808 1513 2851 τὰ
1547 2809 1670 2865 παρὰ
