1759 3125
269 58 353 103 240
683 56 823 98 Pssrm
861 57 1076 100 Damnatis
1105 58 1267 100 Hunni

268 171 382 225 genis
413 170 536 212 dictis
567 170 610 211 id
640 182 817 226 uterque
855 170 1146 211 ratiocinando
1188 170 1382 223 collegit3
1424 186 1519 211 curn
1562 170 1684 212 Chri-

269 261 378 291 stum
409 261 548 290 tamen
581 247 735 299 angelis
777 258 817 287 et
860 247 1111 287 coelestibus
1152 247 1374 288 virtutibus
1415 247 1456 288 in
1488 264 1560 289 sua
1591 248 1682 304 qui-

268 330 428 383 busque
460 327 595 366 forma
625 323 865 379 apparuisse
906 324 1143 379 scripserit,
1173 336 1219 365 ut
1251 327 1518 366 ostendemus
1549 327 1680 381 paulo

267 418 376 462 post.
437 401 715 458 Superiornm
756 401 879 441 etiam
917 401 1065 441 similis
1105 413 1166 441 est
1206 402 1349 443 Orosii
1389 403 1499 458 apud
1545 405 1682 455 Augu-

266 483 420 526 stinum
452 481 647 520 adversus
680 479 934 530 origenistas
967 477 1213 533 conquestio
1247 478 1289 518 in
1321 479 1680 529 Commonitorio,

267 560 383 616 quod
423 558 531 597 inter
572 555 790 608 Augustini
824 571 975 610 opera,
1014 554 1056 594 in
1097 554 1231 610 capite
1275 555 1370 595 libri
1409 568 1551 597 contra
1588 558 1680 598 Pri·

266 634 528 680 scillianistas
568 645 608 673 et
649 632 906 685 Origenistas
946 633 1014 672 edi
1052 633 1187 673 solet:
1236 633 1308 675 De
1350 645 1536 689 corpore
1574 647 1678 676 vero

263 714 460 758 Domini
491 712 555 752 sic
594 707 913 758 tradiderunt,
951 712 1058 764 quia
1101 721 1201 749 cum
1238 723 1375 766 usque
1414 708 1479 751 aa’
1504 723 1584 752 nos
1612 723 1681 753 ve-

264 795 395 834 niens
431 788 577 833 Filius
608 787 701 829 Dei
735 793 840 843 post
882 792 950 827 tot
987 785 1136 827 millia
1176 799 1404 828 annorum
1435 789 1602 830 otiosus
1629 801 1680 830 eo

261 881 398 925 usque
428 879 518 909 nou
536 865 712 920 fuerit,
743 862 825 906 sed
847 861 1127 920 praedicam
1148 867 1455 906 remissionem
1486 866 1678 921 angelis,
1743 907 1747 918 ,

259 942 579 1004 potestatibus,
611 951 748 998 atque
777 944 1001 983 universis
1030 944 1353 997 superioribus,
1387 956 1488 984 cum
1520 943 1674 999 quali-

263 1031 408 1066 tatem
427 1020 621 1076 formae
650 1032 820 1069 eorum,
853 1031 959 1074 quos
989 1021 1215 1069 visitaret,
1238 1027 1504 1070 assumeret,
1536 1033 1676 1076 usque

260 1099 328 1143 ad
356 1095 729 1157 palpabilitatem
773 1097 929 1137 carnis
975 1099 1267 1137 assumtionis
1304 1099 1448 1153 specie
1492 1100 1673 1139 transi-

259 1181 385 1221 υἷε-98.
443 1177 505 1217 Ex
546 1192 596 1215 eo
633 1191 801 1229 quoque
833 1172 1099 1228 potissimum
1133 1173 1307 1226 Origeni
1339 1175 1537 1216 conflasse
1569 1175 1675 1215 invi-

259 1257 372 1298 diam
405 1252 632 1311 Aegyptios
663 1252 888 1306 episcopos
918 1251 1048 1290 refert
1079 1251 1402 1292 posthumianus
1435 1253 1548 1308 apud
1578 1253 1675 1294 Sul-

260 1333 412 1389 pitium
449 1331 652 1372 Severum
693 1327 861 1379 Dialog.
892 1327 928 1370 1.
972 1344 1061 1382 cap.
1093 1327 1153 1377 3.,
1194 1329 1308 1383 quod
1347 1328 1389 1368 in
1430 1329 1518 1386 ejus
1559 1330 1673 1371 libris

256 1411 488 1462 legeretur:
529 1408 636 1463 quia
675 1405 902 1447 Dominus
939 1403 1086 1458 Iesus,
1126 1406 1242 1446 sicut
1277 1417 1362 1461 pro
1393 1404 1674 1449 redemtione

257 1487 450 1528 hominis
478 1486 527 1525 iu
559 1496 701 1525 carne
731 1484 948 1535 venisset,
981 1493 1159 1522 erucem
1184 1494 1271 1537 pro
1303 1480 1495 1524 hominis
1522 1484 1673 1526 salute

249 1575 426 1622 passm,
458 1568 652 1603 mortem
675 1571 762 1616 pro
795 1557 987 1600 hominis
1014 1561 1296 1600 aeternitate
1321 1566 1571 1614 gustasset,
1601 1562 1673 1602 ita

257 1647 372 1684 esset
395 1636 551 1681 eodem
594 1635 753 1679 ordine
790 1637 1015 1692 passionis
1054 1637 1198 1677 etiam
1236 1633 1464 1677 diabolum
1495 1635 1670 1679 redem-

256 1727 411 1761 turus:
439 1718 547 1773 quia
578 1714 660 1756 hoc
690 1716 895 1755 bonitati
919 1713 1064 1764 illius,
1092 1715 1347 1769 pietatique
1378 1722 1672 1770 congrueret,

255 1803 332 1848 ut,
376 1796 454 1851 qui
486 1790 720 1849 perditum
769 1790 992 1833 hominem
1032 1791 1358 1845 reformasset,
1404 1793 1670 1849 prolapsum

255 1884 425 1928 quoque
455 1870 675 1926 angelum
707 1870 940 1911 liberaret.
1001 1869 1111 1909 Hinc
1149 1869 1389 1910 Rerum-dus
1429 1870 1561 1911 Serm.
1600 1869 1667 1912 44.

254 1949 298 1990 in
338 1947 496 1990 Cantic.
538 1947 749 1988 Canticor.
820 1947 1047 2001 Denique,
1091 1946 1250 2002 inquit,
1289 1947 1563 2001 operatus¹)
1601 1954 1670 1988 est

253 2026 451 2067 salutem
480 2027 528 2065 in
560 2022 704 2065 medio
736 2030 918 2065 terrae:
949 2020 1172 2078 numquid
1197 2029 1242 2064 et
1273 2025 1320 2063 in
1351 2020 1494 2063 medio
1517 2022 1669 2066 ae'ris?

254 2103 352 2145 Hoc
380 2099 621 2143 adversum
654 2100 922 2155 origenem,
964 2101 1042 2154 qui
1077 2101 1124 2140 in
1156 2099 1263 2141 ae're
1293 2099 1541 2141 Dominum
1566 2100 1668 2156 glo-

252 2183 356 2222 riae
385 2177 530 2220 denuo
556 2189 641 2233 pro
673 2174 968 2217 daemonibus
998 2174 1253 2232 impudenti
1282 2176 1514 2233 crucifigit
1544 2190 1666 2219 men-

254 2255 410 2304 dacio;
449 2267 548 2296 cum
588 2253 721 2309 liujus
765 2256 966 2295 conscius
994 2255 1206 2309 mysterii
1233 2253 1404 2295 Paulus
1435 2251 1663 2310 affirmet,

254 2331 373 2389 quod
398 2332 700 2388 resurgens2)
731 2343 791 2373 ex
820 2333 1014 2371 mortuis
1031 2332 1139 2385 Jam
1169 2344 1258 2371 nou
1288 2333 1512 2381 moritur;
1542 2345 1664 2373 mors

253 2410 326 2452 illl
350 2410 479 2452 ultra
512 2422 598 2450 non
631 2404 968 2449 dominabitur:
999 2419 1039 2447 et
1071 2407 1266 2448 Albertus
1296 2409 1471 2461 Magnus
1501 2409 1543 2449 in
1575 2408 1664 2465 epi—

251 2488 403 2528 stolam
433 2487 471 2530 8.
513 2485 730 2544 Dionysii:
780 2484 880 2526 Non
920 2482 1038 2540 quod
1067 2484 1285 2536 futurum
1322 2487 1383 2528 sit
1427 2484 1661 2532 Chre'stum

370 2717 410 2773 1)
444 2717 529 2758 cfr.
559 2716 712 2756 Psalm.
744 2714 934 2765 Lxxlv,
967 2716 1029 2759 12.
1065 2715 1299 2771 (Lxxlu.)

368 2788 410 2842 ε)
444 2787 529 2828 cfr.
562 2788 686 2828 nom.
718 2787 788 2835 vi,
819 2785 859 2828 9.
