1759 3125
313 87 395 135 114
726 85 868 128 Pei-m
907 86 1122 128 DAnu-:ms
1152 87 1318 128 Hmzrn

313 200 457 243 solum
487 210 589 241 eum
613 210 742 255 posse
758 198 932 253 facere
964 197 1188 251 Arbitror,
1223 198 1343 255 quod
1358 197 1624 255 quandoque
1641 197 1729 253 sa-

314 280 398 321 cit:
427 276 531 319 licet
563 275 676 317 haec
703 284 869 318 nostra
899 279 1047 333 opinio
1073 290 1244 331 paucos
1275 285 1357 318 aut
1388 278 1534 318 nullos
1560 274 1731 319 habeat

313 361 646 404 assentatores,
686 359 733 395 et
767 353 1017 409 pluremum
1058 351 1191 394 (liceis
1228 354 1527 402 Sanctorum,
1569 360 1615 394 et
1645 354 1729 395 all-

312 430 585 489 quantulum
616 443 646 471 a
675 433 859 472 ratione
889 429 1132 472 dass-entire
1162 428 1388 472 videatur.
1449 430 1656 471 Dabimus
1689 443 1730 471 et

313 508 578 551 Gulielmum
608 507 907 558 Parisiensem‚
947 506 1017 563 qui
1055 507 1199 562 plures
1239 522 1261 546 a
1290 507 1386 548 Deo
1417 509 1599 549 mundos
1630 524 1730 563 pro-

310 585 443 627 creari
472 600 597 641 posse
625 585 814 637 negabat.

424 663 494 704 IV.
553 661 762 702 Videntur
793 676 839 700 ea
869 659 1064 715 profecto
1098 675 1118 699 e
1150 659 1313 699 Veteris
1356 662 1607 703 Academiae
1640 674 1729 702 orta

311 738 514 781 decretis:
553 738 700 778 docuit
739 737 850 778 enim
890 736 1035 787 Plato,
1077 754 1201 792 quem
1245 737 1333 777 sere
1364 750 1590 778 assectatur
1621 739 1730 779 Ada-

309 816 506 866 mantius,
537 816 679 856 Deum
712 831 798 857 esse
829 814 967 870 ipsum
999 813 1186 854 animum
1223 814 1395 863 mundi,
1441 815 1581 856 omnia
1622 831 1728 870 quae

310 895 353 936 in
383 893 543 934 mundo
574 905 670 933 sunt
702 903 1001 949 procurantem
1031 904 1071 932 et
1095 891 1471 934 administrantem.
1520 893 1672 934 Cicero
1693 892 1728 935 l.

310 972 512 1014 Academ.
545 969 719 1024 Quaest.
749 971 921 1013 Partes
950 976 1106 1010 autent
1132 981 1225 1009 esse
1246 966 1405 1009 mundi
1436 971 1728 1024 (putantAca-

309 1048 485 1105 demici)
517 1049 673 1089 omnia
701 1059 818 1102 quae
848 1049 992 1088 insint
1009 1049 1055 1089 z‘n
1074 1059 1139 1101 eo,
1171 1058 1286 1101 quae
1309 1053 1487 1088 natura
1504 1049 1729 1088 sentiente

310 1131 584 1180 teneantur,
622 1125 670 1165 in
708 1136 797 1179 qua
826 1127 952 1166 ratio
978 1123 1196 1180 perfecta
1224 1125 1357 1174 insit,
1400 1136 1517 1179 quae
1553 1125 1614 1165 sit
1651 1137 1728 1164 ea-

307 1201 410 1245 dem
438 1204 744 1259 sempz’terna:
782 1201 901 1243 nz‘lzz‘l
926 1205 1047 1243 enim
1076 1201 1305 1242 valentias
1344 1213 1437 1242 esse
1475 1214 1506 1242 a
1543 1213 1626 1255 quo
1657 1202 1727 1241 in-

307 1287 472 1324 tereat.
534 1279 683 1331 Quam
712 1280 803 1321 vim
833 1281 1037 1321 animum
1068 1291 1160 1320 esse
1198 1276 1359 1320 dicunt
1397 1276 1578 1328 mundi,
1616 1290 1725 1318 ean-

307 1356 495 1413 demque
522 1369 616 1398 esse
644 1363 858 1408 mentem,
887 1359 1250 1412 sapientiamque
1277 1355 1552 1411 perfectam,
1584 1367 1724 1410 quam

304 1435 459 1479 Deum
487 1433 742 1490 appellant,
775 1435 1059 1488 omniumque
1089 1446 1259 1485 rerum,
1291 1446 1404 1489 quae
1425 1439 1532 1474 sunt
1554 1434 1599 1473 ez·
1620 1429 1724 1472 sub-

293 1514 468 1570 jectae,
497 1513 632 1567 quasi
652 1509 954 1568 prudentiam
983 1509 1238 1566 quandam,
1264 1516 1598 1566 procurantem
1629 1521 1724 1550 coe-

304 1592 441 1634 lestia
469 1590 688 1645 maxime,
719 1586 881 1631 deinde
911 1591 957 1630 in
991 1591 1130 1631 terris
1158 1601 1228 1641 ea,
1261 1600 1375 1644 quae
1389 1589 1631 1643 pertinent
1660 1583 1726 1627 ad

304 1668 521 1719 hemines,
550 1679 687 1723 quam
715 1664 950 1709 interdum
980 1669 1299 1709 necessitatem
1330 1664 1581 1721 appellant,
1613 1665 1721 1719 quia

303 1745 424 1789 nz'laez'l
450 1746 592 1788 aliter
620 1757 714 1787 esse
745 1745 911 1799 possit,
952 1751 1090 1800 atque
1129 1741 1187 1785 ab
1225 1755 1282 1784 ea
1321 1745 1619 1785 constitutum
1647 1744 1720 1784 sit.

305 1823 438 1880 Atqui
464 1823 528 1865 rei
554 1820 883 1879 uniuscujusque
912 1821 1072 1862 animus
1104 1821 1202 1862 huic
1228 1819 1475 1861 animandae
1505 1832 1547 1861 et
1575 1835 1721 1873 regen·

303 1903 380 1943 dae
409 1918 507 1958 par,
544 1900 632 1942 vim
668 1915 784 1940 suam
824 1900 878 1940 ad
913 1901 1037 1955 plura
1065 1899 1288 1941 animanda
1315 1915 1403 1940 non
1432 1908 1575 1954 potest
1604 1911 1718 1937 exse-
1747 1928 1757 1941 .

301 1995 418 2032 rere;
457 1979 568 2020 intra
603 1977 667 2018 rei
708 1976 821 2018 enim
858 1977 939 2017 sibi
977 1975 1190 2033 subjectae
1219 1976 1423 2017 terminos
1452 1975 1554 2015 haec
1583 1973 1714 2029 ipsius

300 2055 362 2096 vis
393 2054 628 2097 cohibetur.
688 2054 864 2095 Animus
907 2070 1004 2106 ergo
1036 2054 1205 2104 mundi,
1247 2053 1319 2109 qui
1348 2052 1461 2109 juxta
1490 2053 1713 2094 Platonem

298 2133 418 2174 Deus
445 2132 536 2188 ipse
568 2144 641 2183 est,
669 2143 924 2188 potestatem
955 2148 1072 2172 suam
1111 2133 1164 2172 ad
1201 2131 1314 2172 aliud
1345 2132 1616 2171 animandum
1645 2146 1715 2170 ex-

299 2222 362 2251 tra
390 2210 598 2251 mundum
626 2210 820 2265 proferre
847 2225 933 2249 non
965 2220 1128 2264 potest3
1167 2208 1292 2261 igitur
1323 2224 1373 2248 ne
1404 2209 1456 2248 ad
1488 2209 1714 2249 creandum
1758 2257 1759 2261 Ἰ

297 2287 485 2343 quidem.
552 2286 829 2343 Quapropter
865 2285 1059 2327 Plotinus
1099 2286 1204 2327 Enn.
1245 2287 1296 2327 V.
1339 2285 1412 2326 lib.
1443 2288 1481 2330 5.
1524 2302 1613 2341 cap.
1645 2284 1710 2328 12.
1757 2307 1759 2324 1,

295 2364 402 2404 nihil
449 2380 588 2405 creare
631 2365 774 2405 Deum
817 2380 941 2420 posse
993 2362 1201 2413 decrevit,
1249 2375 1544 2419 praeterquam
1594 2362 1710 2419 quod
1757 2390 1759 2402 2

296 2441 468 2483 creavit.

406 2519 460 2560 V.
518 2519 616 2560 Deo
648 2536 800 2576 corpus
832 2521 883 2559 ab
925 2518 1108 2571 Origene
1146 2517 1405 2574 adscriptum
1443 2516 1569 2558 fuisse
1598 2533 1707 2558 non-
1755 2536 1759 2558 1

292 2595 409 2636 nulla
453 2597 706 2652 persuadere
750 2606 939 2653 possunt.
1019 2596 1211 2637 Primum
1262 2593 1576 2647 argumentatio
1616 2594 1704 2647 illa,
1750 2611 1759 2644 jv:

293 2688 419 2728 quam
453 2688 474 2713 e
504 2673 599 2714 libr.
632 2674 671 2718 3.
711 2678 815 2730 περὶ
855 2673 1009 2729 ἀρχῶν
1046 2673 1218 2714 adducit
1255 2672 1540 2730 Hieronymus
1581 2671 1701 2727 epist.
1745 2676 1759 2712 '⁴1

291 2750 359 2793 59.
388 2751 441 2791 ad
471 2751 582 2794 Avit.
615 2768 689 2808 cap
736 2751 799 2801 3.‚
839 2767 920 2807 qua
949 2751 1130 2793 animam
1161 2766 1343 2806 corpore
1374 2750 1595 2791 carituram
1626 2751 1699 2790 de·
1752 2746 1759 2795 Ξ

286 2839 520 2869 monstrare
557 2830 700 2871 studet
740 2827 1029 2881 Adamantius,
1082 2828 1180 2886 quia
1223 2827 1368 2871 Sancti
1401 2828 1499 2869 Deo
1541 2827 1698 2869 similes
1740 2841 1759 2900 Ι
