1759 3125
269 106 350 149 158
684 107 825 148 Pmm
857 107 1070 148 DANJEms
1101 107 1265 148 ΗυΕΤιι

266 219 362 260 ΧΧ.
395 219 434 259 in
466 220 617 260 Joann.
648 235 762 260 num.
795 220 833 263 7.
864 219 1001 276 ipsum
1036 219 1208 275 quidem
1239 215 1468 272 αὐτόπτην
1509 231 1596 257 esse
1627 214 1683 256 ait

267 312 438 346 eorum,
467 314 571 352 quae
601 308 697 338 sunt
727 296 769 337 in
799 297 944 347 Patre,
983 297 1153 349 angelos
1192 308 1332 337 autem
1366 296 1507 336 videre
1539 294 1686 334 eadem

267 391 344 429 per
376 374 537 429 ipsum,
578 386 773 430 tanquam
814 392 891 430 per
929 373 1208 414 mediatorem
1241 386 1281 414 et
1321 373 1583 421 ministrum,
1626 366 1686 419 ὠς

268 450 343 494 διὰ
375 457 563 508 μεσίτου
595 456 670 494 καὶ
703 451 939 508 ὑπηρέτου.
1001 453 1056 492 Et
1087 451 1211 492 Tom.
1246 452 1277 493 l.
1311 468 1425 491 num.
1454 449 1522 492 22.
1565 446 1686 489 Chri-

265 540 375 569 stum
409 541 577 570 eatenus
609 546 695 570 esse
728 542 959 570 creatorem
993 530 1134 578 docet,
1167 540 1370 584 quatenus
1403 527 1507 567 dixit
1536 526 1682 566 Pater:

272 605 377 648 Fiat
408 606 516 656 lua),
548 607 591 647 id
623 619 705 658 est,
746 622 948 663 quatenus
968 606 1030 649 ,in
1070 607 1260 647 facienda
1293 606 1386 645 luce
1416 603 1533 644 Patri
1562 601 1687 642 mini-

267 695 396 724 strum
437 701 479 724 se
511 685 720 740 praebuit.
791 685 1086 740 Clarissime¹)
1138 700 1237 724 vero
1283 680 1530 723 sententiam
1581 680 1686 719 hanc

267 762 468 817 expressit
498 763 592 806 libr.
624 765 696 804 VI.
729 775 863 804 contr.
896 762 1004 804 Cels.
1035 778 1148 802 num.
1171 760 1240 804 60.
1304 759 1398 803 Τὸν
1426 760 1514 817 μὲν
1544 773 1687 816 719ος-

386 1015 422 1070 ¹)
455 1014 499 1056 Si
532 1013 731 1054 nimirum
772 1025 993 1066 urgeretur
1030 1014 1097 1054 hic
1140 1015 1281 1063 locus,
1321 1012 1428 1052 illud
1466 1009 1609 1066 potius
1641 1008 1684 1049 in

266 1083 449 1136 Origene
482 1084 804 1139 vituperandum
838 1096 956 1134 esset,
984 1085 1100 1139 quod
1131 1085 1173 1125 in
1207 1084 1419 1124 creatione
1450 1081 1545 1137 plus
1566 1079 1683 1120 Filio

263 1155 432 1204 tribuat,
464 1172 588 1210 quam
630 1155 767 1196 Patri:
809 1171 904 1195 nam
943 1154 1081 1204 illius,
1129 1155 1200 1210 qui
1243 1166 1376 1203 creat,
1419 1153 1563 1208 plures
1597 1165 1684 1190 esse

262 1238 401 1280 partes
432 1225 629 1266 videntur
656 1225 698 1265 in
731 1225 955 1275 creatione,
988 1242 1113 1281 quam
1145 1225 1272 1274 itlius,
1305 1224 1376 1279 qui
1403 1221 1533 1264 creari
1552 1221 1683 1279 jubet.

265 1296 351 1336 Sed
383 1313 469 1336 nou
500 1312 546 1336 ea
578 1296 659 1336 suit
691 1295 865 1348 Origeni
894 1295 1120 1336 sententia:
1151 1312 1229 1335 nec
1261 1295 1312 1335 de
1330 1295 1454 1335 Patre
1486 1290 1682 1339 detrahit,

264 1383 359 1406 cum
391 1366 506 1407 Filio
540 1366 796 1406 creationem
827 1366 976 1406 mundi
1005 1365 1211 1414 attribuit,
1240 1382 1317 1405 nec
1350 1367 1401 1406 de
1426 1365 1554 1413 Filio,
1585 1378 1683 1403 cum

264 1436 643 1492 omnipotentiam,
683 1453 764 1493 qua
803 1438 1009 1476 mundum
1041 1435 1216 1485 creavit,
1248 1437 1299 1476 ad
1338 1437 1507 1477 Patrem
1539 1433 1684 1480 refert,

261 1518 307 1547 ut
337 1507 585 1561 primarium
618 1519 864 1548 creatorem.
925 1508 1033 1549 Cum
1064 1508 1224 1547 diceret
1251 1507 1410 1555 Celsus,
1440 1504 1686 1561 indignum

261 1591 355 1618 esse
379 1579 530 1633 primo
562 1585 606 1618 et
638 1580 842 1621 maximo
882 1579 981 1621 Deo
999 1579 1190 1635 jubere:
1236 1577 1349 1620 Fiat
1378 1576 1483 1627 lm,-
1521 1576 1684 1633 optime

259 1649 490 1703 respondet
530 1649 757 1701 Origenes,
795 1650 938 1690 Deum
979 1666 1065 1690 non
1107 1649 1233 1690 alicui
1270 1648 1462 1689 ministro
1504 1649 1554 1687 ab
1596 1644 1684 1702 ejus

259 1718 487 1758 substantia
519 1717 656 1759 alieno
688 1719 793 1761 hanc
823 1720 1087 1776 provinciam
1113 1720 1384 1769 commisisse,
1414 1719 1487 1759 sed
1503 1715 1682 1773 proprio

260 1788 375 1828 Filio
410 1801 451 1828 et
491 1790 656 1839 Vei-bn,
699 1791 765 1830 cui
808 1791 948 1831 onmia
986 1792 1173 1833 tradidit.
1246 1793 1382 1832 Locus
1421 1800 1582 1835 autem,
1627 1786 1679 1826 ad

262 1875 388 1912 quem
406 1860 472 1900 hic
492 1862 697 1901 lectorem
724 1861 899 1902 dimittit
919 1861 1139 1915 Origenes,
1173 1874 1302 1903 exstat
1332 1861 1405 1902 lib.
1424 1862 1476 1903 ll.
1506 1875 1607 1899 num
1625 1857 1679 1908 9.,

259 1928 334 1968 ubi
363 1929 423 1970 sic
455 1931 667 1986 loquitur:
706 1935 765 1973 Et
802 1931 892 1988 γὰρ
933 1933 1180 1977 ἐνετείλατο
1221 1932 1243 1975 ὁ
1278 1932 1403 1986 θεὸς,
1443 1934 1519 1973 καὶ
1557 1930 1679 1972 {ml-

261 2006 350 2054 σθη
391 2000 445 2043 τά
485 2001 889 2058 δημιουργήματα·
933 2007 996 2051 τίς
1035 2002 1117 2058 ἂν,
1161 2002 1273 2046 κατὰ
1311 2002 1359 2045 τὸ
1392 1997 1587 2058 ἶίρεσκον
1616 2001 1677 2056 τῷ

260 2074 528 2128 προᾳ-ηῑικῷ
560 2071 802 2128 πνεύματι,
837 2079 903 2130 εἴη
937 2075 958 2118 ὁ
991 2074 1072 2129 τὴν
1102 2072 1368 2128 τηλικαίτην
1397 2075 1476 2115 τοῦ
1508 2069 1679 2128 πατρὸς

260 2141 449 2195 ἐντολὴν
479 2143 767 2197 ἐκπληρῶσαι
797 2145 1023 2199 δυνηθεὶς,
1055 2142 1082 2199 ἢ
1113 2143 1152 2198 ὁ,
1185 2148 1260 2186 ἵνα
1284 2142 1422 2192 οὕτως
1443 2141 1675 2199 ὀνομάσω,

262 2214 470 2268 ἔμψυχος
500 2212 634 2269 λόγος
665 2217 740 2256 καὶ
772 2213 962 2268 ἀλήθεια
993 2212 1257 2271 τυγχάνωιη
1308 2215 1404 2255 Huc
1436 2233 1534 2269 ergo
1565 2218 1678 2259 redit

258 2295 347 2324 tota
381 2283 574 2335 Origenis
604 2285 895 2327 ratiocinatio:
927 2286 1303 2341 Quemadmodum
1318 2287 1442 2328 Patre
1458 2288 1679 2341 indignum

259 2371 348 2394 non
380 2366 451 2403 est,
482 2354 597 2394 Filio
629 2358 840 2407 mandare,
871 2370 917 2398 ut
947 2359 1153 2398 mundum
1185 2371 1317 2409 creet,
1350 2358 1445 2414 quia
1476 2359 1675 2415 proprius

261 2424 348 2482 ejus
379 2424 514 2465 Filius
547 2438 620 2475 est,
651 2444 697 2467 ac
727 2429 950 2484 proprium
979 2431 1190 2479 Verbum3
1220 2428 1277 2469 ita
1305 2446 1383 2470 nec
1410 2428 1526 2469 Filio
1558 2428 1678 2469 inde·

260 2512 428 2545 corum,
468 2497 660 2537 mandata
702 2499 834 2539 Patris
876 2515 1112 2555 capessere,
1154 2500 1250 2555 quia
1287 2500 1403 2540 nulla
1442 2516 1507 2540 res
1539 2511 1676 2540 creata

258 2565 469 2623 ejusmodi
507 2568 699 2608 mandata
739 2569 971 2624 adimplere
1008 2570 1228 2626 potuisset.
1308 2570 1435 2611 Haec
1471 2568 1680 2611 dominus·

257 2634 481 2678 Prudent.
512 2637 683 2678 Maran
715 2637 769 2679 cle
800 2639 1042 2682 divinitate
1075 2640 1252 2683 Clzrz‘stz'
1278 2638 1349 2682 lib.
1380 2640 1409 2682 I
1415 2641 1458 2683 V.
1492 2653 1590 2697 cap.
1609 2641 1674 2684 16.

255 2721 376 2749 nune.
409 2706 448 2751 6.
518 2706 624 2750 J'ae'de
655 2717 700 2751 et
730 2710 917 2752 Rullum
944 2709 1118 2765 defens.
1144 2711 1272 2766 fidei
1298 2710 1484 2753 Nz’caen.
1516 2709 1571 2753 de
1599 2711 1678 2754 Fe·-

258 2777 311 2818 lt'c'
340 2780 399 2834 τῷ
432 2775 662 2836 ὁμοουσίῳ
693 2795 789 2838 cap.
823 2782 859 2824 5.
901 2796 1022 2825 num.
1052 2783 1116 2838 6.,
1156 2790 1203 2824 et
1241 2795 1336 2840 cap.
1368 2782 1407 2824 9.
1437 2797 1557 2826 num.
1592 2784 1675 2838 1Ο.,

257 2848 385 2903 cnjus
409 2850 743 2895 observationes
768 2855 815 2895 in
838 2860 952 2896 nota
967 2866 1080 2910 pag.
1100 2853 1193 2897 160.
1214 2871 1274 2910 sq.
1307 2852 1587 2897 adducimus.
1609 2855 1669 2899 R.
