1759 3125
257 67 312 111 48
672 65 811 107 Pam
849 66 1064 107 Dmmms
1096 64 1261 107 Hussru

260 178 610 235 comprehensum
642 179 868 235 aliquando
910 179 952 220 in
995 195 1085 219 eam
1129 178 1253 218 fuisse
1284 177 1575 218 necessitatem
1606 178 1678 217 ad-

260 259 447 305 ductum,
478 267 526 296 ut
558 255 624 295 vel
653 255 780 296 idolis
807 255 1125 297 sacrificandum
1155 255 1235 296 sibi
1267 267 1386 304 esset,
1418 255 1485 294 vel
1503 253 1679 295 Aethio-

259 334 323 390 pis
354 332 522 373 libidini
553 348 706 388 corpus
739 333 1028 383 offerendum3
1074 349 1154 388 qua
1192 332 1254 372 rei
1285 332 1530 384 indignitate
1562 347 1679 372 com-

258 423 437 459 motum,
471 408 607 449 virum
643 409 782 450 omnia
812 426 912 465 prae
943 409 1083 449 studio
1118 409 1314 453 castitatis
1346 421 1677 465 postputantem,

258 500 343 528 tam
374 486 459 527 leni
496 503 538 527 se
578 503 624 527 ac
664 487 776 528 victo
816 487 956 528 animo
990 486 1243 535 ostendisse,
1274 499 1320 526 ut
1349 487 1679 527 sacrificaturum

259 673 307 702 ut
336 660 519 701 holtanti
550 661 777 701 Ambiosio
809 678 887 716 pro
922 677 970 700 eo
1006 673 1128 716 atque
1160 661 1224 700 illi
1257 661 1533 712 congruebat,
1563 659 1680 699 satis-

258 719 430 767 faceret,
464 717 696 758 universam
736 719 998 772 Sclipturam
1036 717 1383 772 inteipietatione
1421 733 1493 757 sua
1531 728 1571 757 et
1612 733 1678 755 ex-

258 774 470 830 positione
504 775 715 814 declarare
745 774 984 815 instituisse.
1032 774 1161 828 Quod
1195 791 1289 814 cum
1321 773 1495 814 omnino
1529 774 1680 813 falsum

261 847 347 871 esse
381 842 557 879 constet,
588 830 723 894 major
753 831 831 871 erit
863 846 993 896 error,
1026 832 1058 871 si
1089 831 1190 871 haec
1214 843 1312 886 post
1335 830 1566 870 Decianam
1584 845 1680 884 per-

258 887 520 927 secutionem
562 887 781 938 contigisse
823 888 1084 952 existimavit.
1169 889 1282 928 VllI.
1323 887 1526 939 Origenes
1566 887 1678 926 forte

260 943 403 995 viginti
436 955 534 983 octo
567 944 779 983 mensibus
799 945 834 985 T
868 961 901 984 rl
928 961 1013 984 non
1037 956 1321 985 commoratus
1354 956 1427 993 est,
1460 956 1501 984 et
1525 955 1679 991 tamen,

259 1000 293 1040 si
305 975 431 1039 efides
464 1011 524 1040 est
553 1000 794 1055 Epiphanio
837 961 909 1042 lib
942 1002 993 1041 de
1032 1002 1162 1057 pond.
1204 1013 1245 1041 et
1285 1017 1414 1041 mens.
1445 1017 1536 1056 pag.
1571 999 1679 1049 175„

258 1058 310 1097 ab
343 1056 429 1120 ejus
464 1056 712 1097 Alexandria
743 1057 939 1107 discessu,
972 1069 1012 1098 et
1037 1069 1262 1113 postquam
1284 1057 1545 1121 aliquantum
1574 1068 1681 1096 tem-

257 1129 375 1168 poris
416 1113 644 1153 consumsit
682 1113 990 1171 Ηίεῑο501)11115
1032 1126 1073 1154 et
1113 1114 1362 1163 Caesareae,
1402 1113 1548 1164 viginti
1581 1123 1679 1152 octo

258 1185 375 1210 annis
415 1169 456 1209 in
497 1186 659 1210 secessu
700 1170 831 1228 Tyrio
882 1187 1020 1211 saciae
1059 1171 1290 1225 scriptur-ie
1332 1187 1504 1226 operam
1548 1168 1679 1210 dedit.

258 1226 483 1267 Praeterea
517 1226 608 1282 quis
640 1228 745 1266 ferat
775 1227 1084 1282 Epiphanium,
1126 1228 1334 1268 dicentem
1375 1227 1513 1266 Decio
1545 1227 1681 1281 impe-

256 1294 398 1323 ratore
430 1283 709 1323 Alexandriae
747 1284 940 1324 fl01uisse
982 1284 1234 1336 Origenem,
1285 1301 1379 1324 cum
1421 1283 1505 1341 jam
1546 1284 1681 1338 impe-

258 1350 376 1379 lante
408 1339 620 1394 Septimio
653 1341 834 1389 Severo,
866 1341 933 1383 50.
966 1342 1052 1381 fere
1085 1341 1200 1381 annis
1232 1353 1325 1381 ante
1356 1341 1563 1389 Decium,
1594 1355 1682 1380 ma—

257 1411 335 1447 gna
366 1396 495 1435 fueiit
527 1395 723 1447 Origenis
755 1397 987 1446 celebritas,
1020 1409 1060 1438 et
1090 1397 1236 1449 xiginti
1266 1410 1361 1437 ante
1395 1373 1579 1438 Decium
1610 1412 1681 1436 an-

256 1451 319 1491 nis
358 1451 634 1501 Alexandiia,
687 1468 899 1508 nunquam
950 1454 1053 1494 illuc
1097 1462 1361 1503 reveisurus‚
1413 1453 1683 1495 excessisset?

258 1507 391 1562 Quod
421 1508 455 1548 si
489 1525 568 1563 pro
600 1510 758 1550 Severo
792 1510 943 1550 dixeris
962 1510 1253 1566 imprudenti
1242 1511 1458 1565 irrepsisse
1482 1511 1680 1559 Decium,

257 1582 331 1605 cur
361 1565 496 1605 adhuc
526 1565 789 1620 Epiphanius
829 1567 900 1607 lib.
943 1568 993 1607 de
1032 1568 1164 1622 pond
1206 1578 1246 1606 et
1288 1584 1416 1608 mens.
1458 1584 1550 1623 pag.
1584 1567 1679 1609 174·

256 1621 436 1676 scripsit,
470 1621 699 1673 Origenem
730 1625 781 1663 ab
813 1624 1081 1679 imperatoris
1111 1622 1237 1664 Decii
1266 1635 1475 1679 tempore,
1506 1624 1558 1663 ad
1579 1623 1680 1664 Gal-

256 1678 346 1718 lum
379 1690 420 1718 et
449 1678 741 1728 Volusianum,
773 1692 813 1721 et
842 1682 953 1720 ultra
982 1679 1205 1720 floruisse?
1243 1679 1330 1721 Ubi
1362 1681 1517 1736 duplex
1549 1696 1680 1729 error,

257 1751 353 1775 cum
383 1735 542 1774 Decius
573 1752 652 1789 pro
686 1737 844 1777 Severo
885 1737 1083 1792 ponitur,
1122 1748 1163 1776 et
1195 1736 1389 1788 Origenis
1427 1753 1540 1777 mors
1571 1737 1681 1777 ultra

255 1791 485 1846 imperium
517 1791 633 1832 Galli
665 1804 706 1833 et
737 1794 958 1834 Volusiani
997 1793 1197 1858 rejicitui.
1267 1794 1381 1845 Ergo
1422 1810 1506 1849 quo
1548 1794 1678 1833 serius

258 1848 482 1888 differetur
513 1848 708 1899 Origenis
739 1850 878 1906 lapsus
918 1852 970 1891 ad
1010 1850 1198 1890 Deciana
1237 1861 1454 1905 tempora
1499 1866 1550 1890 eo
1590 1866 1678 1890 ma-

255 1903 348 1961 jora
378 1915 607 1958 suppetent
637 1919 901 1957 argumenta,
944 1909 1094 1962 quibus
1128 1906 1297 1946 evidens
1335 1907 1408 1947 fiat
1445 1907 1568 1961 plane
1608 1924 1678 1946 ru-

258 1963 354 2000 dem
388 1971 427 1999 et
458 1960 726 2014 peregrinum
765 1963 807 2003 in
851 1963 1046 2015 Oiigenis
1090 1963 1169 2002 vita
1208 1963 1334 2003 fuisse
1375 1963 1675 2017 Epiphanium.

258 2014 525 2057 IX.Mi1um
555 2032 642 2056 non
677 2030 749 2068 est,
781 2020 815 2060 si
847 2019 1055 2076 ejusmodi
1085 2019 1284 2067 fabulam,
1317 2019 1468 2059 veteris
1498 2020 1678 2074 scripto-

255 2073 312 2113 ris
344 2072 594 2112 auctoritate
623 2073 784 2125 nixam,
800 2087 962 2140 postea
992 2075 1256 2130 reliquorum
1289 2075 1551 2115 Graecorum
1584 2077 1678 2116 vul-

256 2145 329 2181 gus
359 2129 480 2169 nullo
513 2131 700 2170 examine
730 2131 919 2187 arripuit.
982 2132 1107 2172 Certe
1139 2131 1253 2171 illius
1284 2131 1447 2172 mentio
1485 2133 1533 2172 fit
1563 2134 1678 2188 apud

254 2186 515 2236 Nemesium‚
547 2186 620 2225 sed
650 2190 801 2242 procul
841 2188 972 2228 dubio
1014 2204 1102 2228 eam
1142 2188 1185 2227 in
1222 2188 1464 2243 Epiphanio
1506 2189 1676 2241 legerat.

255 2242 351 2306 ῌῑιο
383 2242 504 2291 adde,
536 2243 652 2297 quod
683 2245 903 2285 Nemesius
935 2244 1072 2296 exigui
1104 2245 1334 2284 admodum
1378 2257 1438 2285 est
1467 2247 1510 2285 in
1543 2246 1678 2286 eccle-

254 2298 315 2339 sia
345 2298 569 2363 pondelis,
612 2310 653 2339 et
691 2302 742 2341 de
782 2313 1001 2356 tempore
1044 2317 1127 2355 quo
1161 2301 1282 2350 vixit,
1323 2301 1430 2341 nihil
1462 2302 1564 2342 certi
1594 2302 1676 2342 huc

252 2371 386 2410 usque
419 2367 684 2409 compertum
717 2371 789 2398 est.
851 2358 1028 2412 Scripsit
1057 2357 1334 2405 Justinianus‚
1380 2358 1474 2413 (cfr.
1510 2358 1675 2399 Concil.

254 2411 380 2452 Tom
414 2413 461 2452 V.
492 2427 583 2466 pag.
615 2412 753 2470 664),
790 2415 916 2455 idolis
955 2415 1206 2478 saciificasse
1246 2414 1474 2466 Origenem
1507 2414 1673 2456 Christo

255 2469 474 2520 abnegato,
507 2468 635 2523 idque
666 2471 786 2511 fateri
816 2470 1016 2526 pioprios
1057 2470 1143 2526 ejus
1174 2483 1421 2511 sectatores:
1461 2482 1501 2510 at
1531 2483 1676 2511 aucto-

253 2525 352 2565 ritas
382 2524 631 2573 Justiniani,
674 2527 773 2568 licet
816 2528 938 2568 aliter
969 2527 1118 2567 sentiat
1148 2527 1529 2581 Huetius,pa1um
1563 2528 1673 2568 valet

252 2582 305 2622 ad
346 2580 553 2645 ejusmodi
593 2581 809 2624 historiam
850 2584 1192 2624 confirmandam.
1268 2583 1471 2624 Leontius
1508 2583 1671 2641 szan—

252 2637 349 2687 tius,
380 2637 547 2678 Nicetas
581 2637 821 2690 Choniates,
851 2640 1008 2696 aliique
1039 2640 1296 2681 recentiores
1329 2640 1494 2691 Graeci,
1528 2656 1673 2681 omnes

253 2693 430 2746 Origeni
460 2693 743 2747 infensissimi,
774 2708 916 2753 aperte
957 2708 1205 2761 sequuntur.
1223 2695 1523 2751 Epiphanium.
1585 2697 1672 2739 Sed

253 2749 340 2806 ejus
380 2749 512 2791 errori
550 2753 719 2805 pondus
759 2770 846 2794 non
886 2753 1003 2794 addit
1041 2752 1283 2808 sequacium
1326 2769 1548 2804 numerus,
1598 2753 1671 2809 qui

251 2807 378 2859 longo
408 2818 506 2862 post
535 2807 660 2850 illum
688 2822 880 2866 tempore
913 2810 1116 2851 vixerunt.
1148 2810 1197 2850 R.
