1759 3125
627 81 862 122 Excunsns
895 82 971 122 III.
1431 80 1510 128 381

96 199 263 254 τέρους,
297 195 408 240 κατά
440 209 562 242 τινας
592 193 798 241 ἐπινοίας
826 192 1101 249 διαφόρους,
1151 193 1204 236 οὐ
1248 195 1360 238 κατὰ
1392 196 1512 240 ὑπό-

100 289 258 316 στασιν
287 276 499 328 λέγεσθαι
528 273 699 327 πατέρα
730 272 807 312 καὶ
839 267 968 313 υἱόν
1001 272 1182 314 λεκτέον
1207 270 1322 327 πρὸς
1353 272 1515 322 αὐτοὺς

99 353 282 407 πρῶτον
326 349 413 404 μὲν
463 345 517 390 τὰ
567 351 923 402 προηγοιχιιένως
974 349 1358 390 κατασκευαστικὰ
1404 349 1514 409 ῥητὰ

100 430 179 469 τοῦ
218 426 372 481 ἕτερον
408 420 524 468 εἶναι
574 423 654 467 τὸν
693 422 797 466 υἱὸν
839 421 962 482 παρὰ
994 423 1072 465 τὸν
1100 425 1296 481 πατέρα,
1337 428 1414 468 καὶ
1447 424 1514 469 ὅτι

99 501 276 560 ἀνάγκη
317 501 397 545 τὸν
435 500 538 544 υἱὸν
575 499 745 555 πατρὸς
782 496 897 543 εἶναι
938 499 1061 554 υἱὸν,
1103 505 1181 543 καὶ
1219 500 1299 544 τὸν
1339 507 1512 559 πατέρα

98 583 200 623 υἱοῦ
232 584 420 635 πατέρα.
481 579 662 633 Semper
690 576 819 629 igitur
846 577 926 617 sibi
962 589 1122 618 constat
1154 577 1369 630 O‘rigenes.
1430 580 1516 637 Hy-

100 656 288 713 postasin
319 667 360 697 et
389 655 656 711 suppositum
693 654 814 694 nullo
853 654 979 696 habet
1009 655 1266 696 discrimine:
1309 657 1517 706 concedit,

100 734 261 774 Filium
290 750 421 773 unum
453 748 540 772 esse
571 731 746 772 essentia
779 748 873 772 cum
903 734 1049 783 Patre,
1089 733 1178 774 sola
1208 749 1388 788 persona
1419 750 1520 774 con-

102 809 351 851 troversiam
382 809 494 851 facit.
565 808 676 850 Hinc
715 809 757 849 in
796 809 1085 865 superioribus
1117 811 1391 861 testimoniis,
1423 828 1518 852 cum

105 887 324 928 essentiam
354 886 480 937 Filii,
522 897 593 927 aut
623 885 806 941 Spiritus
837 887 990 936 sancti,
1035 903 1057 928 a
1086 887 1221 928 Patris
1254 887 1430 929 essentia
1460 888 1522 928 vi-

105 964 228 1004 detur
259 964 525 1015 distinguere,
555 979 723 1018 semper
751 964 868 1004 addit
897 964 1071 1019 aliquid,
1104 965 1219 1020 quod
1251 964 1354 1005 hanc
1373 965 1520 1005 distin-

104 1041 288 1081 ctionem
320 1041 423 1081 solis
451 1040 781 1096 proprietatibus
812 1041 1104 1096 personalibus
1135 1041 1373 1082 contineat:
1404 1043 1521 1082 velut

105 1135 200 1158 cum
232 1118 349 1158 addit
377 1116 597 1172 propriam
629 1128 669 1157 et
699 1117 1016 1167 subsistentem,
1056 1134 1103 1158 ac
1133 1117 1216 1158 suis
1247 1117 1520 1173 proprietati-

101 1197 180 1236 bus
211 1194 426 1236 definitam
457 1206 497 1235 et
528 1194 901 1249 circumscriptam.
961 1193 1174 1250 Denique,
1204 1205 1250 1234 ut
1271 1211 1395 1250 supra
1426 1196 1522 1236 hae-

103 1273 259 1314 reticos
302 1272 543 1324 castigabat,
583 1273 699 1328 quod
740 1272 952 1313 Christum
990 1271 1163 1311 nomine
1200 1283 1320 1312 tenus
1358 1272 1521 1313 Filium

105 1351 314 1399 dicerent,
352 1349 420 1389 hic
448 1348 611 1389 Filium
642 1363 739 1387 vere
771 1364 857 1388 csse
886 1347 1071 1398 Filium,
1110 1348 1279 1388 Patrem
1318 1365 1414 1389 vere
1445 1351 1524 1391 Pa-

103 1441 211 1469 trem
245 1426 483 1467 contendit:
516 1425 559 1465 in
592 1440 676 1480 quo
707 1440 793 1464 non
824 1425 963 1464 solum
986 1423 1218 1465 Noetianos
1248 1427 1420 1477 refellit,
1453 1429 1525 1483 qui

105 1507 208 1546 haec
239 1505 291 1544 ad
321 1503 464 1543 inanes
494 1502 761 1557 metaphoras
788 1501 1047 1554 redigebant,
1077 1503 1149 1542 sed
1182 1502 1306 1543 etiam
1334 1505 1525 1556 Arianos,

108 1582 180 1637 qui
210 1581 254 1621 in
284 1579 444 1621 haeresi
475 1579 600 1635 plane
632 1578 840 1619 contraria
880 1579 1026 1619 eadem
1065 1590 1213 1634 postea
1241 1581 1382 1633 nugati
1413 1595 1520 1624 sunt.

108 1659 195 1701 Csr.
233 1658 435 1701 Prudent.
473 1657 621 1698 Maran
670 1657 722 1697 de
768 1656 988 1697 divinitate
1028 1656 1182 1698 Christi
1219 1656 1290 1698 lib.
1325 1659 1392 1700 lV.
1433 1676 1522 1716 cap.

108 1736 175 1781 15,
204 1751 319 1775 num.
344 1734 386 1777 4.
421 1746 461 1775 et
491 1735 529 1777 5.

572 2022 904 2080 Excursus
937 2023 1045 2082 ΙΙΙ.

502 2158 619 2215 (Cfr.
670 2175 762 2214 pag.
800 2158 895 2202 141.
947 2170 1035 2199 not.
1069 2158 1135 2215 1.)

222 2273 372 2316 Multis
424 2271 821 2328 reprehensionibus
881 2271 1095 2327 vapulavit
1144 2271 1368 2324 Origenes,
1431 2273 1527 2328 quia

110 2353 252 2394 Deum
282 2351 452 2391 Patrem
480 2349 602 2390 initio
633 2348 854 2401 Evangelii
883 2349 1117 2389 secundum
1145 2347 1353 2388 Joannem
1386 2350 1530 2390 obst-r-

112 2441 181 2470 vat
211 2430 352 2470 Deum
384 2439 485 2467 cum
515 2426 714 2468 articulo
748 2425 911 2477 vocari,
942 2427 1130 2466 Verbum
1161 2437 1300 2465 autem
1331 2429 1428 2468 sine
1450 2441 1528 2468 ar-

112 2506 250 2549 ticulo
280 2506 422 2545 Deum
455 2502 551 2544 dici.
608 2502 741 2543 Addit
771 2504 877 2543 hanc
908 2501 1248 2542 observationem
1279 2503 1357 2543 sibi
1389 2516 1530 2558 aptam

113 2581 250 2623 videri
281 2582 333 2621 ad
365 2596 436 2620 eos
466 2580 745 2630 refellendos,
794 2579 887 2634 qui,
931 2595 983 2619 ne
1022 2580 1128 2619 duos
1170 2580 1287 2621 Deos
1328 2580 1530 2631 dicerent,

114 2672 186 2701 aut
214 2658 375 2700 Filium
417 2658 597 2698 eundem
637 2673 723 2698 esse
763 2674 809 2698 ac
849 2657 1018 2697 Patrem
1056 2657 1286 2709 fingebant,
1334 2670 1405 2698 aut
1446 2658 1532 2714 ejus

115 2736 378 2778 divinitatem
406 2736 624 2788 negabant.
683 2737 886 2780 ,Λεκτέον
915 2732 1005 2792 γὰρ
1036 2734 1208 2789 αὐτοῖς,
1242 2735 1378 2790 inquit
1408 2736 1532 2776 Tom.

118 2813 245 2855 11.in
285 2814 434 2855 Joann.
474 2830 588 2854 num.
619 2812 683 2864 2.,
725 2811 791 2858 ὅτι
839 2809 934 2856 τότε
980 2812 1067 2869 μὲν
1107 2810 1324 2862 αὐτόθεος
1365 2811 1387 2857 ὁ
1432 2811 1535 2861 ι’)ἐός
