1759 3125
0 190 7 220 ‚¹

652 84 889 127 Excunsos
929 86 958 126 1.
1430 91 1515 137 353

101 197 334 240 Christum
360 196 520 252 filium
557 193 719 238 David
752 195 1009 253 appellent,
1048 198 1165 239 sz‘cut
1208 197 1511 256 Chammaea,

98 282 144 315 et
175 276 309 325 caeci,
340 274 420 328 qm·
444 279 584 314 erant
615 272 940 323 Ilz'erz'clzunte,;
978 275 1164 329 quinam
1201 288 1306 317 vero
1336 276 1510 320 Filium

96 351 201 402 Dei,
232 357 370 405 atque
400 347 451 391 z‘d
475 347 652 405 quidem
680 351 777 391 sine
807 347 1126 392 additamento
1157 350 1370 395 vocabuli
1395 371 1507 408 vere,

94 434 146 468 ut
163 433 207 468 et
238 424 530 468 daemoniaci
558 424 763 468 dicentes
792 426 882 467 illi:
911 427 1050 477 „Vere
1069 428 1108 482 ¹)
1139 427 1276 470 Filius
1306 430 1390 471 Dei
1423 438 1507 472 es.“

93 504 410 544 postremorum
454 503 583 544 fidem
632 502 715 559 jam
763 514 881 544 antea
929 503 972 544 in
1022 521 1072 544 eo
1125 509 1505 560 commendaverat,

92 580 207 634 quod
240 596 335 619 eum
365 596 449 620 non
490 579 742 635 simpliciter
784 579 943 620 Filium
974 581 1081 631 Dei,
1111 583 1184 624 sed
1216 600 1313 624 vere
1343 584 1506 627 Filium

89 656 174 696 Dei
204 656 413 697 dixissent.
473 656 672 697 Pluribus
701 657 894 697 hortatur
923 658 1047 699 Tom.
1068 658 1167 701 XII.
1199 676 1313 702 num.
1347 661 1428 712 11„
1458 675 1505 704 ut

90 750 183 773 cum
215 734 344 774 Petro
377 734 586 774 dicamus:
634 735 729 786 „Tu
746 735 787 789 ²)
836 751 877 775 es
919 734 1127 786 Christus,
1176 735 1313 778 Filius
1353 738 1503 780 Dei:“

89 810 203 864 quod
243 811 412 865 quidem
455 810 701 868 mysterium
737 827 823 851 non
862 827 884 851 a
922 827 1042 852 carne
1084 824 1125 853 et
1154 813 1352 865 sanguine
1381 831 1502 856 reve-

88 887 161 926 lari
195 888 345 936 docet,
376 888 449 928 sed
480 889 538 928 ab
570 889 662 942 ipso
692 887 863 941 Patre,
903 889 982 943 qui
1008 891 1055 930 z'n
1087 889 1219 931 coelis
1247 897 1330 945 est,
1362 893 1501 948 impo-

84 967 222 1005 situm
252 963 381 1005 cordi
407 965 612 1006 velamen
643 964 903 1019 auferente.
963 966 1127 1006 Ibidem
1166 982 1281 1007 num.
1312 967 1352 1011 2.
1391 969 1498 1010 Pha-

84 1040 224 1081 risaeis
255 1053 296 1081 et
325 1040 592 1090 sadducaeis,
625 1041 697 1096 qui
727 1042 809 1082 hoc
838 1042 1084 1099 mysterium
1106 1043 1315 1084 increduli
1344 1044 1501 1101 rejece-

84 1130 194 1166 rant,
232 1118 337 1158 nihil
378 1119 652 1159 excusationis
690 1118 886 1160 relictum
924 1131 1067 1175 putat3
1116 1132 1344 1177 propterea
1382 1124 1499 1179 quod

83 1195 348 1250 prophetiae,
379 1195 605 1246 miracula,
638 1207 679 1236 et
708 1196 899 1238 doctrina
934 1196 1088 1238 Christi
1119 1209 1234 1238 certo
1267 1211 1402 1241 essent
1432 1216 1497 1241 ar-

81 1284 297 1323 gumento,
328 1285 430 1313 eum
459 1285 562 1314 vere
592 1285 686 1314 esse
717 1272 888 1315 Filium
918 1273 1034 1328 Dei,
1066 1275 1145 1329 qui
1170 1281 1239 1316 tot
1269 1287 1326 1316 ac
1356 1282 1498 1320 tama

69 1349 277 1403 faceret.
339 1350 446 1390 Cum
486 1350 580 1389 labe
622 1349 774 1390 Ariana
816 1349 1042 1391 consistere
1080 1367 1168 1392 non
1200 1365 1378 1408 possunt
1406 1365 1497 1395 tum

82 1426 152 1466 illa
183 1426 224 1466 in
258 1426 529 1467 examinando
571 1438 612 1467 et
640 1428 934 1482 persequendo
967 1428 1205 1480 diligentia,
1252 1446 1376 1485 quam
1409 1430 1495 1472 vim

79 1520 268 1558 quaeque
310 1503 552 1559 Scripturae
592 1519 716 1544 voces
754 1506 956 1554 habeant,
994 1516 1086 1546 tum
1125 1505 1349 1547 admiratio
1389 1509 1493 1549 tanti

81 1581 288 1638 mysterii,
343 1580 458 1638 cujus
499 1580 793 1621 difficultatem
832 1597 920 1621 non
949 1580 992 1621 in
1022 1581 1181 1633 verbis,
1220 1584 1295 1624 sed
1324 1583 1367 1624 in
1396 1601 1441 1626 re
1471 1602 1494 1626 a

76 1659 171 1699 solo
201 1659 326 1699 Patre
356 1657 579 1699 revelanda
609 1657 790 1713 positam
824 1657 1029 1698 existimat
1061 1658 1279 1712 Origenes.

188 1736 242 1777 lI.
300 1736 398 1776 Non
428 1734 565 1774 minus
595 1749 618 1774 a
655 1734 915 1790 metaphoris
955 1747 997 1776 et
1027 1736 1362 1780 cavillationibus
1392 1739 1491 1781 alie-

74 1829 151 1853 nus
184 1825 258 1862 est,
289 1828 384 1852 cum
419 1811 634 1853 Christum
672 1811 860 1867 appellat
897 1812 1052 1854 Deum.
1112 1812 1318 1856 observat
1349 1816 1487 1857 multo

74 1888 405 1941 magnificentius
434 1890 642 1930 Joannem
674 1889 726 1928 de
759 1888 912 1929 Christi
942 1887 1183 1941 divinitate,
1222 1906 1348 1946 quam
1378 1904 1490 1933 cete-

72 1983 142 2007 ros
181 1965 463 2017 Evangelistas
505 1965 719 2006 locutum:
769 1967 883 2021 quod
930 1983 1081 2019 magno
1128 1980 1373 2019 argumento
1414 1980 1489 2020 est,

72 2060 170 2084 eum
199 2043 243 2083 in
273 2042 501 2098 Scripturis
543 2042 867 2097 interpretandis
907 2042 991 2082 vim
1032 2055 1074 2083 et
1111 2045 1279 2099 pondus
1320 2057 1488 2086 senten-

9 2120 14 2122 *
68 2121 221 2162 -tiarum
250 2136 336 2160 non
367 2120 551 2169 eludere,
581 2120 654 2160 sed
683 2119 880 2161 admirari
908 2119 1094 2160 solitum.
1150 2120 1222 2162 Sic
1252 2133 1392 2163 autem
1422 2123 1487 2164 lo-

70 2198 213 2254 quitur
242 2198 368 2238 Tom.
398 2198 430 2238 I.
461 2213 576 2237 num.
600 2195 638 2238 6.
673 2198 785 2252 (pag.
818 2197 882 2239 ed.
912 2209 1042 2238 nostr.
1061 2196 1152 2253 14.)
1180 2197 1224 2239 in
1254 2200 1483 2241 Joannem:

72 2275 233 2324 Οὐδεὶς
278 2271 366 2331 γὰρ
418 2274 604 2318 ἐκείνων
649 2272 852 2332 ἀκρατῶς
887 2275 1180 2334 ἐφανέρωσεν
1218 2273 1357 2319 αὐτοῦ
1398 2273 1482 2331 τὴν

68 2351 276 2406 θεότητα,
300 2348 578 2405 ώςἸωάννης
595 2349 884 2408 παραστήσας
904 2350 1044 2397 αὑτὸν
1063 2355 1252 2409 λέγοντα
1267 2365 1278 2375 ·
1295 2352 1420 2410 ,,ἕγώ
1436 2354 1479 2410 ³)

71 2433 163 2486 εἶμι
192 2428 242 2473 τὸ
274 2431 373 2486 φῶς
402 2429 480 2471 τοῦ
510 2426 757 2483 κόσμου·“
788 2426 912 2485 ,,ἒγώ
933 2429 974 2485 ⁴)
1007 2432 1097 2486 εἰμι
1128 2426 1153 2483 ἦ
1188 2426 1316 2479 ὁδὸς,
1345 2432 1422 2473 καὶ
1449 2449 1472 2485 η

68 2505 280 2560 ἀλήθεια,
332 2507 409 2548 καὶ
448 2501 471 2557 ἦ
522 2501 676 2559 ζωή·“
724 2503 848 2562 »ἐγώ
865 2505 905 2560 ⁵)
947 2507 1040 2562 εἰμι
1088 2502 1114 2560 ἡ
1164 2503 1479 2557 ἆνάστασις·“

187 2666 225 2719 ¹)
256 2663 406 2705 Matth.
435 2663 551 2713 XIV,
582 2661 648 2706 33.
768 2664 809 2720 ²)
842 2664 928 2706 Cfr.
960 2663 1108 2706 Matth.
1138 2664 1255 2718 XVI,
1287 2667 1352 2711 16.

182 2734 226 2789 3)
256 2733 332 2774 Ev.
361 2733 512 2774 Joann.
542 2733 656 2783 VIII,
689 2732 753 2776 12.
873 2734 915 2791 4)
945 2734 1022 2777 Ev.
1051 2733 1203 2777 Joann.
1232 2737 1351 2790 XIV,
1380 2738 1417 2781 6.

184 2802 225 2858 ⁵)
255 2803 332 2844 Ev.
362 2804 513 2844 Joann.
543 2803 618 2853 XI,
648 2802 716 2846 25.

67 2879 287 2923 Omossms
318 2879 492 2922 OPERA.
524 2879 643 2923 Tom.
674 2879 817 2923 XXII.
1165 2881 1221 2927 23
