1759 3125
231 34 317 83 344
647 41 789 86 Pss‘rm
817 42 1032 88 DAmrms
1071 44 1239 90 Hom-11

237 149 426 204 veniunt,
457 168 535 194 nec
576 154 763 207 adorari,
809 158 877 199 vel
917 157 1002 200 coli
1032 158 1148 214 ipsos
1182 158 1402 210 concedit,
1439 157 1544 203 ἀντὶ
1580 160 1660 203 τοῦ

238 231 376 285 θεοῦ,
427 241 469 270 at
508 243 644 274 certos
688 235 896 290 quosdam
937 235 988 276 iis
1027 235 1214 276 exbiberi
1255 237 1414 287 cultus,
1446 247 1663 292 certasque

240 305 362 346 fundi
392 308 657 363 precationes
688 311 911 367 permittit,
941 323 1112 352 naturae
1144 328 1293 354 eorum
1324 324 1485 354 creatae
1512 328 1666 353 conve-

242 382 425 434 aientes,
465 397 507 426 et
537 386 691 428 diversi
730 405 753 430 a
789 388 1079 445 superioribus
1121 390 1309 441 generis:
1346 390 1668 448 Εὐφημοῦμεν

245 458 421 511 αὐτοὺς,
451 459 588 519 inquit
617 465 714 510 libr.
747 467 862 509 Vlll.
895 478 1028 511 contr.
1064 466 1173 507 Cels.
1204 483 1319 512 num.
1350 468 1432 518 57„
1464 472 1539 511 καὶ
1568 486 1666 524 μα-

246 540 489 594 καρίζομεν
529 541 891 600 ἐγχειρισθ-ἐντας
921 541 1010 586 ὑπὸ
1041 545 1120 586 τοῦ
1151 545 1263 588 θεοῦ
1293 542 1347 586 τὰ
1371 542 1575 601 χρήσιμα
1606 546 1667 600 τῷ

245 617 369 672 γένει
399 614 551 672 ἡμῶν·
587 618 638 662 οὐ
669 618 763 677 μὴν
793 619 874 674 τὴν
906 619 1213 677 ὀφειλομένην
1242 619 1356 678 πρὸς
1392 619 1505 665 θεὸν
1533 621 1671 678 τιμὴν

249 690 425 743 τούτοις
456 693 767 755 τἰπονέμοιιιεν.
827 698 924 738 Non
955 698 1246 753 precationem
1278 713 1392 751 ergo,
1421 699 1497 740 sed
1527 715 1673 755 preca-

249 768 375 811 tionis
407 773 585 813 modum
617 775 800 816 damnat.
861 774 997 832 Hujus
1041 774 1316 831 expositionis
1357 775 1447 832 ipse
1486 776 1540 817 sit
1570 776 1675 816 fule-

251 845 401 904 jussor,
435 848 589 905 Operis
621 850 808 908 ejusdem
841 864 986 894 contra
1018 853 1188 895 Celsum
1230 853 1342 893 libro
1373 852 1412 896 8.
1444 869 1559 894 num.
1592 852 1673 903 13-,

254 922 298 963 in
330 941 414 980 quo
448 926 574 968 Celso
605 930 881 984 respondens,
914 929 987 986 qui
1019 930 1134 986 quod
1161 929 1245 970 Dei
1268 930 1431 971 Filium
1450 929 1676 973 Christiani

255 1000 461 1054 colerent,
492 1005 698 1047 colendos
729 1007 778 1048 iis
818 1023 990 1064 quoque
1028 1007 1243 1048 ministros
1291 1007 1400 1064 ejus,
1450 1008 1678 1048 daemones

252 1078 454 1121 nimirum
486 1084 702 1126 censebat:
740 1089 801 1127 El*
830 1087 918 1142 μὲν
950 1078 1055 1139 οὖν,
1085 1085 1247 1141 inquit,
1288 1083 1405 1129 ἐνόει
1435 1083 1538 1135 ’ἰθὺς
1567 1084 1682 1140 ἅλη-

254 1159 348 1205 θῶς
380 1157 604 1217 ὑπηρέτας
643 1164 723 1205 τοῦ
762 1165 872 1207 θεοῦ
911 1161 1026 1220 μετὰ
1068 1160 1149 1205 τὸν
1177 1165 1409 1220 μονογενῆ
1439 1165 1518 1206 τοῦ
1548 1165 1677 1217 θεοῦ,

255 1232 335 1277 τὸν
366 1236 588 1292 Γαβριὴλ,
621 1241 697 1280 καὶ
728 1237 808 1283 τὸν
835 1239 1048 1295 ΑἸιχαὴλ,
1081 1243 1158 1282 καὶ
1188 1238 1291 1288 τοὺς
1320 1239 1508 1290 λοιποὺς
1538 1239 1683 1298 ἄγγε’·-

256 1313 375 1367 2015,
419 1312 755 1373 ἀρχαγγέλους,
807 1320 884 1359 καὶ
930 1316 1112 1364 τούτους
1151 1317 1275 1373 ἔλεγε
1316 1317 1414 1360 δεῖν
1451 1315 1683 1374 θεραπεύ-

258 1394 408 1433 εσθαι.
459 1386 587 1440 Ἴσως
618 1390 678 1435 [ἲν
708 1393 757 1437 ’ιό
785 1397 889 1453 περὶ
930 1396 1010 1438 τοῦ
1039 1393 1313 1451 θεραπεύειν
1343 1394 1481 1438 αὐτοῦ
1514 1409 1684 1450 σημαι-

258 1463 459 1521 νόμενον
489 1469 837 1527 ἐκκαῧὴραντες,
871 1474 947 1514 καὶ
976 1475 1067 1515 τῶν
1097 1475 1176 1516 τοῦ
1208 1470 1544 1529 θεραπεύοντος
1560 1470 1685 1529 πρά-

259 1545 397 1599 ξεων,
431 1549 622 1602 εἴπομεν
654 1546 712 1591 ἂν
752 1552 813 1598 εἰς
843 1549 924 1594 τὸν
964 1549 1131 1602 τόπον,
1170 1549 1228 1600 ὠς
1267 1553 1373 1607 περὶ
1411 1548 1686 1603 τηλικούτων

261 1620 605 1680 διαλεγόμενοι,
663 1624 780 1685 ἅπερ
836 1628 1100 1688 ἐχωροῦμεν
1153 1631 1259 1685 περὶ
1309 1626 1460 1670 αὐτῶν
1509 1629 1686 1680 νοῆσαι-

260 1697 359 1746 Vim
399 1699 485 1741 loci
526 1701 649 1760 hujus
688 1704 880 1758 frangere
918 1706 1062 1747 conati
1092 1717 1188 1747 sunt
1218 1703 1482 1747 Heterodoxi
1514 1703 1686 1760 quidam

260 1787 481 1829 nostrates,
511 1782 586 1821 sed
616 1781 784 1823 efficere
816 1795 957 1825 tamen
986 1800 1072 1825 non
1103 1794 1352 1840 potuerunt,
1384 1782 1482 1838 quin
1513 1781 1690 1838 aliquod

262 1859 509 1911 θεραπείας
555 1875 682 1911 genus
727 1861 888 1914 'angelis
935 1861 1188 1903 concessisse
1246 1860 1475 1914 Origenem
1522 1876 1571 1900 ex
1626 1858 1691 1900 his

265 1929 396 1986 ipsius
428 1934 564 1975 verbis
595 1937 866 1979 manifestum
897 1939 976 1992 sit;
1009 1957 1060 1981 eo
1078 1955 1233 1995 nempe
1259 1942 1507 1995 θεραπείας
1537 1952 1687 1988 genere

265 2006 453 2060 inferius,
487 2014 603 2067 quod
634 2015 853 2057 De0.soli
893 2017 1174 2058 exhibendum
1216 2027 1288 2057 est.
1347 2014 1521 2055 Frustra
1549 2024 1692 2053 autem

268 2088 531 2130 contendunt
560 2097 813 2150 θεραπείαν
843 2094 948 2135 hanc
985 2111 1072 2135 non
1113 2094 1164 2134 de
1195 2091 1393 2144 religiosa
1427 2090 1692 2131 observantia

270 2173 312 2202 et
344 2165 460 2205 cultu
492 2181 580 2207 esse
611 2168 952 2221 intelligendam,
985 2188 1082 2211 cum
1112 2170 1179 2210 hic
1208 2167 1378 2209 nonnisi
1409 2168 1460 2208 de
1491 2167 1692 2220 religioso

269 2240 508 2297 disputetur
539 2245 667 2296 cultu,
700 2263 826 2302 quem
860 2248 1006 2288 Celsus
1037 2247 1316 2289 daemonibus
1345 2246 1494 2286 itidem
1525 2257 1573 2285 ut
1596 2246 1694 2286 Deo

267 2321 566 2374 praestandum
607 2340 693 2365 esse
737 2326 957 2366 asserebat.
1032 2326 1083 2366 ld
1112 2336 1159 2365 ut
1188 2323 1462 2377 significaret,
1499 2324 1698 2364 utebatur

270 2411 376 2437 voce
415 2399 766 2456 θεραπεύεσθαι.
834 2403 1084 2458 Respondet
1124 2402 1327 2455 Origenes
1370 2400 1585 2457 quoddam
1616 2406 1700 2443 θε-

272 2480 462 2529 ραπείας
491 2476 605 2519 illius
638 2495 661 2519 a
694 2479 820 2521 Celso
854 2496 1092 2536 expressae,
1134 2480 1217 2520 hoc
1249 2491 1311 2520 est
1339 2478 1528 2531 religiosi
1561 2478 1699 2518 cultus

272 2567 400 2604 genus
431 2555 588 2608 angelis
620 2556 792 2612 quidem
831 2558 999 2608 deberi,
1040 2574 1088 2598 ea
1128 2559 1259 2598 modo
1295 2567 1408 2598 recte
1440 2567 1482 2596 et
1512 2554 1700 2608 legitime

274 2630 540 2682 exhibeatur,
579 2644 620 2674 et
668 2635 804 2676 cultus
855 2635 928 2676 ille
967 2651 990 2675 a
1031 2635 1148 2676 cultu
1189 2636 1286 2676 Deo
1326 2632 1531 2690 praestari
1571 2632 1702 2674 solito

275 2719 396 2748 caute
428 2709 719 2763 distinguatur.
786 2712 884 2753 Pari
920 2713 1052 2753 modo
1089 2730 1183 2754 cum
1216 2712 1489 2765 distingueret
1519 2709 1630 2751 libro
1663 2709 1702 2751 5.

277 2784 489 2829 orationes
519 2787 616 2829 Deo
650 2789 766 2831 Patri
799 2790 1043 2833 offerendas
1075 2792 1125 2832 ab
1156 2791 1221 2846 iis,
1254 2807 1354 2847 quas
1375 2788 1523 2831 offerri
1554 2802 1704 2829 conce-

1744 190 1754 209 t
