1759 3125
623 116 859 158 Exctmsns
895 114 1008 155 VIII.
1443 114 1525 157 423

109 247 194 271 non
225 246 364 286 posse,
393 245 471 269 nec
501 227 682 284 proinde
713 228 765 267 ad
796 227 992 267 homines
1024 226 1207 274 venisse,
1239 224 1335 280 quia
1365 223 1408 264 id
1438 225 1526 265 sine

109 308 342 348 mutatione
376 305 469 346 fieri
510 321 597 345 non
634 315 799 359 potest;
846 303 1075 357 respondet
1118 300 1344 352 Origenes,
1387 302 1524 340 multo

112 384 368 441 exploratius
400 400 488 424 esse
522 380 766 424 Christianis
798 381 850 420 de
880 379 964 419 Dei
995 379 1360 427 immutabilitate,
1403 393 1528 433 quam

114 460 396 519 philosophis.
458 461 569 501 Tum
599 459 718 500 addit
755 474 871 498 num.
904 457 970 499 15.
1036 455 1099 499 Τὸ
1139 457 1187 499 δὲ
1231 453 1531 510 καταβεβηκὸς

115 542 177 587 εἵς
205 537 495 595 ἀνθρώπους,
525 536 630 592 311¹)
663 538 822 594 μορφῇ
855 537 965 578 θεοῦ
999 532 1198 589 ὑπῆρχε·
1231 535 1309 574 καὶ
1339 529 1414 574 διὰ
1448 548 1531 587 φι-

113 618 417 671 λανθ-ρωπίαν
448 614 609 658 ἑαυτὸν
641 615 854 662 ἐκένωσε,
903 615 979 654 ἵνα
1014 613 1283 668 χωρηῧῆναι
1321 607 1395 651 ὑπ’
1444 608 1532 651 ἀν-

112 692 315 752 θρώπων
344 695 534 752 δυνηθῇ.
599 691 662 734 Οὐ
706 688 761 744 δή
804 707 893 733 που
931 689 1024 737 δ’ἐξ
1065 688 1246 744 ἀγαθοῦ
1291 691 1350 735 εἰς
1389 685 1531 729 κακὸν

112 775 307 827 γέγονεν
347 770 467 826 αὐτῷ
510 767 753 828 μεταβολή.
823 767 880 807 Et
918 767 1047 822 paulo
1093 777 1211 821 post:
1256 768 1316 806 Εἴ
1358 764 1408 807 δὲ
1457 765 1533 805 καὶ

113 850 247 905 σῶμα
278 847 463 903 θνητόν,
497 851 573 890 καὶ
604 846 760 903 ψυχὴν
788 845 1086 902 ἀνθρωπίνην
1108 839 1533 896 (Ξναλαβώνόἅθά-

114 941 248 974 vatos·
286 924 413 979 θεὸς,
454 922 636 981 Λόγος,
683 925 812 966 δοκεῖ
838 925 898 978 τῷ
932 925 1088 976 Κέλσῳ
1121 919 1428 962 ἀλλάσσεσθαι
1459 921 1536 961 καὶ

113 1001 548 1058 μεταπλάσσεσθαι·
579 1004 868 1058 μανθανέτω,
900 997 962 1042 ὅτι
1000 996 1021 1041 ὁ
1054 996 1187 1053 λόγος
1216 999 1265 1056 τῇ
1298 995 1429 1051 οὐσίᾳ
1449 1001 1536 1052 μέ-

115 1095 210 1123 νων
241 1078 396 1136 λόγος,
443 1078 577 1122 οὐδὲν
616 1078 705 1133 μὲν
747 1076 912 1132 πάσχει
945 1067 1010 1117 ὧν
1040 1072 1201 1129 πάσχει
1236 1073 1284 1116 τὸ
1317 1078 1474 1130 σῶμα,
1509 1071 1534 1126 ἢ

116 1155 141 1210 ἡ
176 1156 352 1213 ψυχή.“

228 1235 320 1288 „Ex
350 1233 487 1274 allatis
516 1231 769 1274 testimoniis
802 1231 1005 1283 Origenes
1037 1231 1087 1269 ab
1121 1229 1237 1269 omni
1267 1245 1439 1284 prorsus
1469 1246 1537 1269 su-

115 1310 306 1366 spicione
347 1311 566 1352 liberatur.
623 1311 731 1351 Nam
763 1309 795 1349 I.
837 1324 922 1348 non
954 1309 1150 1356 dubium,
1193 1306 1294 1361 quin
1335 1306 1423 1345 veri
1453 1306 1537 1345 Dei

117 1387 448 1428 incarnationem
481 1387 678 1427 adversus
707 1385 913 1426 Ethnicos
954 1385 1166 1425 defendat.
1237 1383 1391 1424 Omnia
1424 1383 1538 1423 Celsi

116 1474 360 1515 argumenta
401 1481 448 1504 ex
488 1464 576 1504 veri
613 1463 698 1504 Dei
739 1475 886 1503 natura
933 1473 1158 1517 petuntur:
1204 1472 1325 1512 negat
1362 1462 1539 1500 salutem

117 1541 341 1581 humanam
371 1540 476 1581 tanti
508 1557 595 1581 esse
627 1556 775 1595 posse,
819 1550 866 1579 ut
904 1539 1023 1579 Deus
1063 1539 1310 1578 descendat:
1347 1537 1430 1577 Dei
1462 1537 1540 1577 im-

118 1618 445 1659 mutabilitatem
478 1629 519 1658 et
549 1617 876 1657 immensitatem
906 1615 1193 1657 incarnatione
1224 1613 1336 1654 laedi
1368 1626 1542 1655 conten-

119 1694 194 1736 dit.
253 1697 392 1736 Litem
431 1712 516 1736 non
556 1706 702 1734 movet
746 1693 949 1746 Origenes
990 1694 1041 1733 de
1082 1692 1158 1732 hac
1198 1691 1330 1731 Verbi
1367 1704 1540 1733 natura:

120 1773 195 1813 sed
224 1772 334 1813 illud
365 1789 462 1813 vere
493 1772 711 1812 hominem
754 1773 911 1812 factum
955 1785 1041 1810 esse
1087 1769 1329 1818 confirmat,
1373 1785 1451 1809 nec
1482 1781 1543 1810 ta-

118 1865 218 1890 men
249 1850 477 1906 quidquam
510 1851 561 1890 de
592 1866 664 1890 sua
697 1847 1039 1888 immutabilitate
1072 1858 1113 1886 et
1137 1845 1415 1885 immensitate
1440 1846 1543 1886 ami-

121 1927 235 1968 sisse.
295 1928 348 1969 ll.
389 1929 477 1968 Nec
517 1927 562 1967 in
605 1938 720 1967 tanto
771 1923 1007 1966 communis
1052 1924 1153 1962 fidei
1198 1923 1339 1962 studio
1385 1923 1542 1965 residet

120 2004 209 2045 ulla
238 2004 466 2045 voluntatis
498 2020 521 2044 a
552 2002 769 2044 communi
801 2001 994 2042 doctrina
1024 2001 1187 2040 alienae
1229 2000 1435 2055 suspicio:
1465 2018 1542 2042 nec

122 2081 262 2122 minus
301 2083 529 2122 absurdum
571 2092 632 2121 est
670 2079 921 2132 origenem,
972 2079 1072 2118 dum
1119 2077 1234 2116 videt
1282 2077 1326 2116 in
1366 2078 1542 2119 ecclesia

120 2159 322 2199 miracula
353 2171 394 2199 et
424 2158 670 2214 prophetias
700 2158 752 2197 ad
786 2157 943 2198 Christi
967 2155 1229 2195 divinitatem
1256 2155 1545 2195 demonstran-

124 2238 222 2277 dam
251 2236 536 2277 indesinenter
569 2235 700 2284 citari,
731 2251 778 2274 ac
800 2234 1043 2288 Scripturae
1073 2231 1315 2273 testimonia
1347 2231 1449 2271 citra
1479 2233 1545 2272 ul-

124 2315 205 2353 lam
238 2313 528 2369 metaphoram
562 2313 728 2368 exponi,
762 2313 945 2367 dumque
976 2312 1065 2366 ipse
1099 2327 1187 2350 eam
1221 2307 1404 2349 docendi
1435 2307 1544 2349 viam

123 2392 335 2447 sequitur,
364 2406 451 2430 non
478 2391 575 2445 plus
609 2390 803 2439 Christo,
844 2406 967 2444 quam
999 2399 1211 2428 creaturae
1242 2384 1546 2440 praestantissi-

125 2485 218 2509 mae
249 2467 467 2518 tribuisse,
507 2480 549 2507 et
586 2469 637 2507 ab
676 2467 767 2507 aliis
807 2467 961 2507 deferri
993 2464 1259 2505 existimasse.
1318 2464 1406 2504 Nec
1440 2462 1547 2519 obji-

128 2545 223 2595 cias,
255 2545 524 2598 Origenema
543 2544 757 2584 communi
784 2545 835 2584 de
854 2543 1002 2600 poenis
1032 2541 1209 2581 aeternis
1241 2539 1434 2580 doctrina
1464 2539 1547 2579 dis-

129 2622 310 2664 cessisse.
386 2624 495 2663 Nam
541 2638 626 2662 non
676 2623 815 2663 solunt
864 2637 885 2661 a
937 2619 1150 2661 communi
1197 2616 1419 2666 sententia,
1473 2616 1546 2656 sed

249 2854 287 2907 ¹)
322 2853 409 2896 Cfr.
443 2855 632 2911 Philipp.
665 2856 716 2905 11,
747 2856 785 2899 (5.
820 2855 854 2897 7.
