1759 3125
250 73 335 116 294
676 74 816 114 PE'rm
856 74 1068 115 Daufflus
1109 74 1272 115 HUETu

264 201 388 241 quam
421 186 471 226 ab
503 201 645 226 amore
676 186 759 227 Dei
790 188 961 235 fuerunt
992 186 1330 242 ἀποψυγεῖσαις
1374 185 1447 225 hac
1489 201 1587 225 vero
1624 202 1684 224 ar-

261 262 378 303 bitrii
410 261 605 302 libertate
639 262 867 304 etiamnum
896 274 1061 303 naturas
1103 263 1196 303 illas
1242 262 1469 303 rationales
1501 263 1557 301 ita
1589 263 1685 309 frui,

262 339 349 380 sive
381 340 573 380 humanis
605 341 856 396 corporibus
888 340 1141 394 implicatae,
1172 340 1259 380 sive
1291 341 1518 380 daemones
1551 340 1683 378 factae

266 416 360 466 sint,
390 415 477 456 sive
509 416 745 468 angelicum
779 416 971 457 ordinem
1002 416 1232 465 retineant,
1271 428 1319 456 ut
1356 432 1467 456 nova
1508 415 1687 456 subinde

266 505 441 548 peccata
469 492 514 534 in
543 509 586 534 se
620 493 879 549 concipiant,
933 494 1000 533 vel
1034 495 1230 534 virtutem
1271 494 1603 549 amplectantur,
1651 504 1690 531 et

265 586 345 625 pro
376 581 512 623 recte,
544 582 616 611 aut
645 572 838 626 nequiter
867 570 1012 623 gestis,
1067 571 1134 610 vel
1176 570 1466 625 deprimantur
1503 569 1545 609 in
1584 569 1691 608 inse-

267 646 393 698 riora,
423 648 491 688 vel
522 649 573 688 ad
604 650 824 704 superiora
854 647 1158 689 conscendant:
1191 646 1421 703 permutari
1453 662 1550 698 ergo
1578 647 1693 685 ordi·

269 740 342 765 nes
373 724 484 774 illos,
516 737 556 765 et
588 742 636 766 ex
669 725 826 779 angelis
855 724 1070 775 homines,
1103 741 1151 765 cx
1182 724 1424 765 hominibus
1455 725 1695 771 daemones,

271 814 313 842 et
344 801 526 842 vicissim
557 802 682 851 alios,
721 803 913 859 aliosque
952 803 1151 843 evadere:
1192 801 1411 842 diabolum
1453 818 1475 841 a
1505 800 1694 856 nequitia

272 879 445 934 quidem
475 880 527 920 ad
559 879 738 920 meliora
768 895 894 936 posse
926 879 1136 932 converti,
1169 881 1243 921 sed
1272 880 1413 929 nolle,
1455 890 1496 919 et
1524 879 1568 918 in
1598 894 1695 933 per-

271 955 372 996 fidia
409 972 482 997 sua
521 956 776 998 destinatum
818 958 1040 998 obdurare.
1110 957 1280 998 Gratiae
1328 972 1428 997 vero
1478 956 1697 1005 auxilium,

273 1033 390 1088 quod
419 1034 590 1087 angelos
622 1034 666 1074 in
695 1034 915 1076 sanctitate
949 1035 1183 1085 consu-mat,
1214 1047 1253 1076 et
1282 1051 1304 1075 a
1333 1032 1518 1090 peccatis
1550 1030 1698 1087 prohi-

272 1112 368 1164 bet;
400 1111 467 1151 vel
499 1111 688 1169 ejusdem
717 1112 872 1165 gratiae
904 1113 1132 1162 defectum,
1165 1129 1248 1168 quo
1282 1112 1343 1164 fit,
1376 1122 1423 1151 ut
1453 1127 1474 1151 a
1506 1108 1696 1164 nequitia

275 1189 501 1229 daemones
531 1205 618 1229 non
650 1202 885 1243 emergant,
938 1189 1058 1231 nullo
1098 1191 1230 1230 modo
1263 1189 1431 1229 videtur
1460 1202 1698 1240 agnoscere.

276 1265 490 1306 Futurum
521 1278 660 1306 autem
692 1268 921 1323 aliquando
952 1277 1096 1322 putat,
1127 1278 1175 1307 ut
1202 1278 1373 1307 naturae
1405 1265 1504 1305 illae
1537 1280 1700 1313 omncs,

275 1343 360 1383 sive
391 1343 666 1395 angelorum,
697 1344 784 1385 sive
815 1346 1099 1394 daemonum,
1129 1343 1216 1384 sive
1246 1343 1482 1392 hominum,
1513 1358 1699 1382 caussam

277 1419 417 1461 dicant
448 1438 590 1462 coram
621 1422 732 1471 Deo,
765 1433 806 1461 et
837 1437 979 1461 rerum
1009 1438 1032 1462 a
1061 1437 1103 1462 se
1134 1433 1342 1473 gestarum
1369 1420 1577 1461 rationem
1605 1421 1700 1461 red-

280 1498 391 1549 dant,
423 1515 469 1538 ac
500 1515 579 1553 pro
611 1498 775 1539 meritis
806 1511 1081 1552 exornentur;
1111 1498 1282 1539 interim
1311 1511 1453 1540 tamen
1482 1498 1620 1538 varios
1650 1498 1701 1537 il-

280 1573 343 1616 los
376 1576 544 1616 ordines
576 1592 622 1616 ac
653 1587 782 1617 status
813 1593 892 1632 pro
924 1576 1148 1617 virtutibus
1179 1593 1226 1617 ac
1257 1576 1367 1618 vitiis
1400 1577 1612 1631 consequi.

391 1653 489 1694 XII.
549 1654 725 1695 Summa
777 1654 880 1695 haec
926 1665 987 1695 est
1032 1653 1310 1706 Origenianae
1355 1654 1406 1694 de
1455 1654 1702 1705 angelorum

281 1742 428 1772 natura
460 1744 501 1772 et
531 1731 692 1772 meritis
725 1732 968 1782 doctrinae,
998 1748 1124 1788 quam
1156 1733 1357 1773 conviciis
1387 1732 1469 1773 suis
1503 1732 1703 1773 ecclesiae

281 1808 425 1850 Patres
455 1811 755 1864 perfuderunt:
796 1809 1043 1851 Methodius
1081 1809 1310 1866 praecipue
1339 1811 1383 1851 in
1414 1809 1524 1849 libro
1558 1810 1609 1850 de
1640 1826 1706 1850 re-

283 1886 570 1940 surrectione;
610 1888 878 1944 Theophilus
917 1888 1224 1929 Alexandrinus
1266 1888 1452 1929 Paschal.
1486 1889 1522 1931 1.
1564 1899 1604 1927 et
1645 1887 1702 1936 2.,

283 1961 545 2016 Epiphanius
595 1964 639 2004 in
685 1965 855 2020 epistol.
903 1967 956 2006 ad
999 1967 1152 2007 Joann.
1189 1965 1476 2022 Hierosolym.
1520 1981 1608 2020 cap.
1650 1965 1704 2014 2.,

287 2049 328 2079 et
358 2039 530 2082 Haeres.
552 2040 617 2083 64.
651 2058 739 2097 cap.
757 2043 810 2093 4.,
840 2043 1060 2083 Nemesius
1085 2043 1136 2082 de
1152 2039 1298 2083 natura
1315 2041 1511 2091 hominis,
1541 2057 1633 2096 cap.
1651 2041 1707 2091 3.,
1746 2048 1759 2073 »³

286 2117 490 2157 Leontius
529 2118 741 2161 Scholior.
781 2122 876 2160 Act.
918 2120 1008 2170 10.‚
1048 2120 1164 2177 cujus
1200 2121 1327 2160 verba
1366 2135 1491 2174 supra
1530 2118 1704 2158 adduxi-

287 2211 405 2245 mus;
436 2195 719 2253 Hieronymus
751 2213 845 2237 cum
877 2196 978 2237 alibi
998 2213 1136 2252 saepe,
1167 2208 1257 2237 tum
1287 2197 1467 2237 maxime
1499 2199 1618 2252 epist.
1635 2195 1702 2238 59.

290 2273 344 2312 ad
380 2272 492 2314 Avit.
540 2290 627 2329 cap.
662 2274 723 2325 1.,
764 2275 838 2314 ubi
885 2286 1052 2329 praeter
1090 2274 1171 2314 alia
1207 2274 1364 2327 insigne
1407 2274 1520 2314 istud
1559 2275 1708 2315 habet:

293 2349 488 2405 Cumque
527 2353 681 2392 omnia
724 2355 853 2394 vario
898 2363 1104 2393 sermone
1154 2359 1405 2394 tractasset
1446 2350 1707 2407 (Origenes),

292 2441 499 2470 asserens
529 2426 760 2471 dcabolam
792 2443 880 2471 non
913 2432 1180 2485 incapacem
1210 2442 1302 2472 esse
1328 2431 1527 2480 virtutis,
1558 2435 1605 2469 et
1637 2436 1708 2470 ta-

290 2518 394 2547 men
425 2505 616 2548 necdum
646 2507 756 2548 velle
786 2520 949 2562 capere
977 2510 1220 2558 ve’rtatem;
1251 2506 1316 2549 ad
1333 2514 1593 2549 extremam
1613 2520 1708 2547 ser-

291 2596 422 2625 mone
454 2584 675 2626 latissimo
706 2582 956 2640 disputat-lt
986 2587 1216 2641 angelum,
1247 2589 1338 2628 sive
1368 2588 1588 2633 animam,
1622 2591 1706 2624 aut
1752 2620 1759 2640 ·.

293 2668 418 2703 certe
449 2660 727 2714 daemonem,
759 2675 864 2717 quos
893 2664 1026 2704 nnius
1058 2666 1224 2704 asserit
1253 2676 1345 2705 esse
1376 2670 1598 2713 natm-ae,
1629 2659 1710 2702 sed
1754 2656 1759 2699 ἰ

294 2736 580 2780 diversarum
611 2739 916 2791 voluntatum,
944 2752 1028 2795 pro
1048 2737 1371 2796 magnitudine
1392 2739 1708 2795 neglegentiae

296 2823 342 2857 et
371 2817 600 2860 stultstc‘ae
621 2818 885 2873 jumentam
911 2830 1038 2874 posse
1056 2817 1192 2872 fieri:
1233 2825 1277 2859 et
1312 2831 1395 2873 pro
1428 2815 1580 2859 dolore
1603 2829 1708 2873 poe-
