1759 3125
267 108 321 151 7ss
681 109 822 151 Pss‘rm
852 109 1068 153 DAMEms
1103 111 1264 152 HUETM

271 222 409 278 lapsus
441 231 522 273 cst;
559 238 654 262 cum
686 222 922 273 Christum,
967 236 1188 280 antequam
1219 225 1399 265 humano
1431 240 1518 265 sese
1551 223 1681 276 illiga—

270 310 334 340 ret
365 297 551 354 corpori,
584 298 687 338 nihil
719 300 909 341 babuisse
952 300 1197 355 proprium,
1238 303 1311 342 sed
1351 302 1492 341 Deum
1532 300 1682 340 divini-

269 388 354 417 tate
384 388 555 432 paterna
586 387 772 426 tantum,
803 393 888 417 non
927 377 1101 432 propria
1140 395 1186 419 ac
1224 395 1296 419 sua
1335 379 1462 419 fuisse
1495 379 1679 419 doceret.

275 453 413 506 Quam
445 453 633 493 haeresin
665 454 817 494 deinde
857 453 1101 494 instauravit
1140 471 1186 495 ac
1226 456 1505 511 propugnavit
1535 454 1682 497 Sabel-

274 530 365 572 lius.
424 530 661 586 Episcopos
699 533 918 572 adversum
950 548 991 571 se
1025 532 1264 588 complures
1295 532 1488 590 Beryllus
1518 531 1682 573 nefario

274 608 468 660 dogmate
501 608 695 649 concivit.
749 609 942 649 Bostram
974 607 1039 647 illi
1069 607 1109 649 in
1139 610 1347 667 synodum
1379 615 1546 659 coeunt,
1577 609 1685 648 mul-

272 685 409 740 tisque
449 685 666 726 hominem
710 684 1026 726 velitationibus
1064 685 1323 727 adoriuntur.
1394 687 1443 726 Id
1481 703 1576 726 cum
1614 701 1687 741 pa-

272 779 367 803 rum
404 764 682 818 procederet,
723 764 777 804 ad
830 763 1145 817 expugnandam
1189 763 1369 804 hominis
1407 762 1685 819 pervicaciam

273 839 494 880 accersitus
527 853 587 881 est
619 841 844 894 Origenes;
875 839 916 879 in
949 838 1034 895 ejus
1067 839 1223 896 quippe
1253 841 1403 896 peritia
1434 840 1574 881 omnia
1605 839 1685 881 sibi

272 916 479 972 proclivia
508 917 601 957 fore
632 919 854 973 sperabant
885 933 1051 967 omnes,
1091 928 1132 957 et
1170 917 1257 974 ejus
1297 918 1481 959 consiliis
1520 917 1687 973 acquie-

274 995 457 1036 scebant.
517 994 832 1051 Frequentibus
869 993 944 1034 ille
984 995 1203 1035 adversum
1244 995 1491 1036 Haereticos
1532 1006 1573 1035 et
1611 996 1686 1036 Ju-

275 1073 402 1113 daeos
426 1070 780 1127 disputationibus
809 1071 892 1130 jam
920 1083 1012 1111 ante
1038 1071 1254 1121 exercitus,
1285 1071 1503 1130 Beryllum
1523 1088 1686 1112 summa

273 1149 553 1200 humanitate,
592 1165 638 1190 ac
677 1149 923 1190 dexteritate
953 1165 1162 1201 aggressus
1194 1160 1275 1198 est,
1320 1149 1525 1206 variisque
1563 1165 1689 1205 super

276 1226 362 1283 ejus
404 1227 593 1267 doctrira
636 1226 785 1268 habitis
830 1226 1115 1277 sermonibus,
1165 1227 1471 1282 deprehensum
1518 1228 1688 1268 tandem

276 1321 462 1345 errorem
493 1304 747 1357 argumentis
777 1304 833 1345 ita
865 1304 1072 1357 coarguit,
1110 1316 1156 1345 ut
1187 1321 1282 1345 eum
1314 1304 1479 1361 penitus
1510 1303 1689 1361 ejuraret

274 1501 407 1541 Deus.
469 1500 529 1539 Ita
561 1500 594 1540 si
625 1500 751 1541 sensit
780 1501 989 1559 Beryllus,
1017 1501 1229 1542 immerito
1255 1501 1449 1557 culpatur
1478 1503 1590 1557 quod
1625 1519 1688 1542 ec-

276 1555 548 1598 clesiasticam
578 1557 831 1611 perverterit
864 1559 1071 1610 regulam:
1111 1559 1197 1599 imo
1239 1558 1463 1598 Arianismi
1493 1575 1611 1598 reum
1645 1576 1688 1599 se

275 1613 421 1670 prodit
452 1613 539 1668 ipse
570 1613 791 1664 Eusebius,
821 1614 857 1655 si
886 1615 1038 1656 haecce
1078 1626 1200 1656 vocat
1238 1631 1347 1655 nova
1388 1626 1428 1654 et
1464 1616 1514 1655 ab
1547 1616 1689 1655 catho-

273 1671 355 1714 lica
394 1670 478 1709 fide
529 1670 664 1710 aliena
709 1671 915 1723 dogmata.
988 1673 1148 1712 Verum
1190 1672 1422 1712 admodum
1464 1673 1688 1727 probabile

277 1738 358 1777 est,
402 1726 623 1784 Beryllum
669 1727 829 1770 οὐσίαν
865 1728 1074 1785 accepisse
1118 1745 1197 1784 pro
1239 1744 1439 1784 persona,
1477 1745 1597 1769 more
1626 1729 1690 1769 sui

275 1783 427 1832 seculi,
469 1800 552 1838 quo
587 1783 793 1827 οὐσίαέῐ
822 1784 1068 1833 ὑπόστασις
1098 1785 1209 1826 inter
1237 1801 1279 1826 se
1311 1785 1688 1827 confundebantur.

272 1841 452 1882 Errabat
480 1840 607 1891 igitur
635 1841 844 1899 Beryllus,
890 1843 962 1898 qui
993 1842 1206 1884 Christum
1234 1853 1329 1882 ante
1359 1841 1689 1882 incarnationem

274 1896 433 1938 nullam
472 1897 671 1952 propriae
711 1915 915 1953 personae
953 1899 1237 1940 differentiam
1280 1897 1471 1938 habuisse
1509 1898 1688 1940 dicebat.

277 1954 403 1995 Certe
433 1952 717 2010 Hieronymus
748 1955 788 1995 in
821 1956 1022 2008 Catalogo
1062 1955 1256 2010 scriptor.
1298 1953 1563 1994 ecclesiastic.
1597 1971 1687 2009 cap.

275 2009 343 2054 60,
373 2025 459 2049 non
490 2009 546 2057 id,
579 2011 694 2063 quod
725 2011 932 2052 Eusebius
964 2011 1127 2052 crimini
1160 2009 1283 2050 vertit
1312 2010 1510 2067 Beryllo,
1540 2011 1612 2051 sed
1643 2011 1687 2051 id

275 2066 413 2108 solum
445 2064 603 2114 asserit,
632 2066 850 2124 Beryllum
882 2067 923 2108 in
956 2067 1142 2108 haeresin
1172 2066 1380 2115 incidisse,
1410 2079 1525 2122 quae
1559 2065 1689 2109 Clari-

275 2131 397 2165 stmn
438 2128 551 2162 ante
588 2124 961 2165 incarnationem
999 2130 1157 2178 negat.
1223 2124 1289 2163 De
1330 2123 1488 2163 haeresi
1523 2121 1687 2180 Ber¹ylli

274 2178 571 2231 intelligendus
612 2190 673 2219 est
715 2180 908 2233 Origenis
946 2181 1064 2221 locus
1103 2179 1144 2220 in
1187 2179 1510 2221 Commentariis
1539 2196 1603 2234 ep.
1637 2180 1690 2221 ad

277 2236 437 2284 Titum,
470 2234 542 2290 qui
571 2235 629 2275 sic
659 2236 803 2277 habet:
834 2235 926 2280 Sed
951 2245 996 2278 et
1027 2249 1120 2285 608,
1159 2239 1238 2291 qva·
1275 2235 1499 2277 hominem
1529 2234 1690 2278 dicunt

278 2290 510 2334 dominum
543 2291 695 2334 Jesum
722 2295 1077 2348 praecognitam
1108 2301 1153 2334 et
1164 2290 1580 2347 praedestinatum,
1612 2295 1692 2348 qni

275 2357 389 2391 aute
436 2346 686 2390 adventum
725 2351 962 2391 carnalem
999 2348 1375 2390 substantialiter
1421 2356 1467 2390 et
1502 2362 1688 2404 propraee

275 2418 365 2447 non
396 2407 657 2459 exstiterit,
696 2404 778 2447 sed
803 2405 923 2462 qaod
950 2406 1077 2447 lzomo
1109 2414 1248 2448 natus
1277 2406 1439 2447 Patris
1465 2406 1610 2446 solam
1638 2407 1688 2446 ‘ln

277 2475 324 2504 se
355 2459 572 2502 habuerit
603 2462 865 2516 Deitatem,
904 2477 960 2505 ne
999 2465 1115 2519 ipsos
1154 2460 1331 2518 quidem
1359 2464 1456 2503 sine
1481 2462 1686 2518 periculo

276 2519 492 2560 ecclesiae
539 2521 719 2562 Socl'llrc'.
797 2521 989 2561 Habetur
1029 2519 1096 2559 hic
1149 2520 1267 2559 locus
1316 2520 1356 2559 in
1401 2517 1687 2573 Apologetico

276 2575 488 2630 Pamphili
519 2591 598 2629 pro
632 2575 747 2629 Orig.
780 2578 921 2633 cap.l.
954 2576 1126 2631 pag-22.
1187 2574 1386 2616 Meminit
1416 2575 1540 2615 etiam
1575 2575 1688 2616 Gen-

277 2632 425 2672 nadius
456 2630 498 2670 in
530 2630 640 2671 libro
674 2634 726 2674 de
756 2633 1036 2687 Dogmatihus
1065 2632 1210 2672 eccles.
1244 2648 1332 2686 cap.
1358 2631 1398 2673 4.
1444 2630 1596 2686 Neque
1624 2634 1689 2673 Sic

278 2695 345 2730 est
377 2694 517 2729 natus
545 2700 607 2729 ex
636 2691 836 2745 virgine,
877 2698 930 2731 ut
971 2697 1015 2731 et
1053 2687 1310 2730 divinitatis
1346 2690 1529 2729 initiam
1559 2686 1687 2728 homo

280 2741 507 2787 nascendo
548 2749 804 2801 acceperit,
848 2747 979 2802 quasi
1026 2752 1273 2799 antequam
1320 2752 1591 2786 nasceretur
1628 2757 1689 2786 ea:

280 2803 480 2857 virgine,
508 2800 635 2842 Deus
665 2815 754 2843 non
774 2803 946 2858 fuerit,
975 2805 1092 2844 sicut
1123 2801 1360 2855 Artemon,
1391 2808 1437 2844 et
1460 2800 1687 2857 Beryllas,

282 2865 327 2902 cc
356 2857 605 2903 Marcellus
635 2857 901 2904 docueruut.
933 2860 981 2900 R.
