1759 3125
619 82 854 125 Excunsns
884 81 978 122 VII.
1421 81 1504 126 409

100 197 243 241 dixit:
288 197 423 252 ‚‚In¹)
475 211 558 251 quo
598 195 800 235 inhabitat
840 193 974 233 omnis
1014 192 1236 248 plenitudo
1275 193 1501 237 divinitatis

99 275 418 331 corporaliter,“
476 273 711 312 Fatendum
752 286 846 311 sane
887 280 970 318 est,
1008 269 1144 323 prima
1181 270 1321 325 specie
1360 272 1422 312 his
1462 273 1503 313 in

98 352 236 393 verbis
266 367 350 391 non
380 349 502 390 aliam
535 364 756 389 occurrere
786 346 1032 388 sententiam
1051 377 1061 395 ,
1100 362 1224 401 quam
1265 364 1369 402 quae
1403 349 1504 390 Ori-

99 428 193 481 geni
224 444 247 468 a
276 426 488 482 plerisque
526 425 748 473 tribuitur,
790 423 970 464 animam
1009 422 1160 463 Christi
1198 441 1283 464 non
1323 426 1504 477 gratuito

101 507 155 546 ad
183 504 384 546 unionem
416 521 509 545 eum
541 504 683 544 Verbo
723 512 913 542 vocatam
951 498 1106 550 fuisse,
1155 502 1228 541 sed
1268 502 1312 542 id
1352 503 1505 544 merito

98 598 177 622 suo
208 581 250 622 in
282 581 490 622 mercedis
520 581 617 621 loco
649 590 877 620 assecutam
909 593 1016 618 esse:
1046 578 1158 617 unde
1190 577 1314 619 etiam
1344 579 1387 620 id
1409 581 1510 622 Ori-

100 658 194 711 geni
222 659 370 699 tribuit
399 658 593 707 Huetius,
623 659 774 698 nos‘sz'
797 654 1082 709 singularem
1121 657 1307 697 animae
1340 657 1515 701 Christi

99 735 315 778 adversas
352 735 503 778 Deum
546 747 772 783 amorem,
820 744 902 788 quo
950 731 1102 774 Deum
1138 733 1186 786 in
1225 746 1272 774 se
1309 737 1512 791 reci'JJere

98 815 270 855 merita
301 819 392 862 est,
437 813 692 861 imitemur,
734 808 909 852 Christi
943 821 1110 864 qaoque
1132 822 1221 864 pro
1249 817 1364 852 rata
1393 813 1510 865 effe-

101 896 223 930 ctum
252 890 315 931 iri
336 890 602 945 participes.
659 888 822 928 Demus
852 898 991 928 tamen
1023 903 1209 942 operam,
1240 900 1287 929 ut
1318 889 1511 942 Origenis

101 983 218 1008 sensa
248 966 556 1019 investigemus.

214 1044 340 1084 Illud.
372 1043 418 1095 I.,
451 1043 754 1084 observandum
787 1053 868 1092 est,
903 1041 1068 1082 nullum
1106 1041 1279 1082 omnino
1310 1045 1514 1099 temporis

103 1120 371 1161 intervallum
409 1120 512 1174 poni
549 1120 600 1159 ab
641 1119 823 1171 Origene
860 1118 971 1159 inter
1008 1117 1170 1158 animae
1210 1119 1362 1161 Christi
1404 1138 1517 1163 crea-

103 1197 280 1247 tionem,
311 1209 352 1238 et
384 1196 471 1254 ejus
500 1196 701 1236 unionem
735 1212 830 1236 cum
859 1196 1018 1236 Verbo.
1077 1195 1130 1236 Ei
1162 1197 1273 1237 enim
1303 1199 1359 1238 ab
1384 1201 1514 1240 z'nz‘tr'o

106 1282 379 1324 creaturae,
418 1280 464 1315 et
502 1271 709 1328 deinceps
746 1270 1124 1328 inseparabiliter
1152 1281 1287 1329 atque
1318 1274 1516 1317 indisso-

106 1349 337 1393 ciabiliter
364 1349 655 1393 inhaerebat.
718 1349 833 1403 Quin
873 1349 997 1390 etiam
1040 1350 1150 1390 haud
1190 1351 1330 1391 dicere
1363 1368 1518 1405 verear,

106 1428 211 1469 nihil
243 1427 402 1468 cautius
433 1427 579 1467 vitasse
614 1425 856 1478 Origenem,
887 1443 1010 1481 quam
1036 1444 1088 1468 ne
1111 1443 1158 1467 ex
1183 1427 1312 1483 ipsius
1331 1430 1381 1470 de
1399 1447 1520 1486 prae-

84 1505 323 1564 existentia
353 1504 585 1545 animarum
617 1503 819 1559 opinione
849 1516 1115 1559 sequeretur,
1153 1507 1332 1546 animam
1366 1508 1520 1551 Christi

107 1582 368 1639 aliquamdiu
399 1599 422 1623 a
451 1583 594 1622 Verbo
625 1593 858 1637 separatam
888 1581 1027 1632 fuisse,
1059 1593 1101 1622 et
1129 1581 1257 1623 instar
1287 1596 1520 1629 ceterarum

108 1677 284 1717 peccare
329 1658 530 1715 potuisse.
604 1658 714 1699 Hinc
768 1657 886 1698 omni
942 1660 1246 1700 asseveratione
1300 1663 1521 1706 consu-mat

110 1755 224 1779 num.
255 1739 306 1788 5.‚
335 1739 543 1778 animam
567 1735 741 1779 Cltristi
756 1738 826 1778 ita
844 1735 1030 1791 elegisse
1053 1735 1250 1793 diligere
1268 1740 1521 1795 justitiam,

109 1823 163 1857 at
187 1827 273 1871 pro
303 1815 611 1856 immensitate
641 1811 896 1854 dilectionis
935 1815 980 1854 ei
1014 1816 1427 1859 inconvertibiliter
1455 1822 1524 1861 iu-

112 1891 340 1944 haereret,
370 1896 415 1932 et
446 1890 619 1931 nullam
648 1903 840 1941 sensam,
878 1889 949 1931 vel
968 1889 1321 1945 possibilitatem
1344 1900 1530 1950 peccati

116 1967 322 2011 liaberet.
389 1968 507 2009 Hanc
555 1979 695 2008 autern
740 1966 1003 2008 sanctitatem
1043 1979 1085 2008 et
1125 1968 1526 2025 impeccabilitatem

113 2045 268 2101 repetit
306 2060 352 2085 ex
398 2043 554 2084 unione
594 2044 854 2102 hypostatica
904 2061 999 2085 cum
1037 2046 1179 2087 Verbo
1221 2048 1318 2090 Dei.
1385 2050 1530 2094 Utitur

116 2122 310 2178 exemplo
343 2137 498 2162 massae
532 2123 711 2172 ferreae,
757 2138 861 2178 quae
891 2123 934 2163 εἰ
958 2135 1136 2178 semper
1163 2125 1211 2165 in
1242 2127 1352 2181 igne
1375 2132 1530 2184 posita

115 2202 190 2251 sit,
221 2200 425 2240 omnibus
451 2200 544 2240 suis
570 2199 718 2254 poris,
759 2199 1050 2253 omnibusque
1079 2202 1202 2241 venis
1229 2203 1384 2258 ignem
1415 2208 1530 2248 reei-

113 2279 262 2335 piens,
293 2283 339 2318 et
369 2283 471 2318 tota
500 2277 623 2331 ignis
653 2274 844 2328 effecta,
875 2278 917 2317 si
943 2289 1083 2332 neque
1112 2280 1235 2333 ignis
1265 2281 1322 2320 ab
1354 2294 1410 2323 ea
1441 2296 1532 2325 ces-

119 2361 187 2397 set
220 2350 484 2408 aliquando,
513 2364 654 2408 neque
683 2355 784 2409 ipsa
814 2351 871 2395 ab
902 2355 1012 2410 igne
1034 2361 1289 2410 separetur,
1318 2374 1532 2415 nunquam

123 2431 284 2489 poterit
313 2431 441 2483 frigus
471 2430 673 2486 recipere.
733 2431 830 2472 Hoc
859 2444 971 2487 ergo
1002 2431 1146 2486 modo,
1178 2433 1315 2489 inquit
1344 2452 1458 2479 num.
1481 2437 1534 2488 6.,

124 2512 267 2552 etiam
307 2508 391 2550 illa
430 2508 610 2561 anima,
661 2520 776 2564 qaae
813 2511 946 2564 quasi
976 2509 1160 2562 ferram
1202 2513 1251 2552 in
1294 2514 1423 2568 igne,
1472 2518 1537 2557 sic

125 2598 302 2643 semper
332 2588 379 2628 in
420 2583 575 2639 Verbo,
607 2597 784 2642 semper
811 2587 860 2626 in
889 2589 1138 2644 sapientia,
1167 2601 1344 2646 semper
1373 2593 1420 2632 in
1437 2591 1536 2633 Deo

121 2666 278 2721 posita
307 2669 400 2718 est,
431 2674 560 2704 omne
590 2661 708 2718 qaod
735 2666 860 2719 agit,
891 2662 1010 2720 quod
1034 2668 1194 2721 sentit,
1227 2665 1346 2722 qnod
1371 2669 1539 2711 intelli-

252 2817 292 2872 ¹)
327 2817 412 2859 Cfr.
446 2816 608 2858 Coloss.
641 2818 696 2869 II,
726 2818 764 2861 9.
