1759 3125
240 97 323 144 364
803 94 1039 138 Excunsus
1071 95 1103 137 I.

238 212 328 269 piat
360 209 616 267 principium
648 208 869 258 transitus,
909 209 1025 264 quod
1057 209 1109 249 ad
1141 207 1248 249 viam
1280 208 1465 264 pertinet
1496 218 1536 248 et
1569 208 1661 247 lon-

238 288 493 344 gitudinem:
526 285 785 342 principium
823 278 1063 343 yevfokom,
1104 286 1327 327 creationis
1371 285 1458 326 sive
1491 300 1662 337 genera.

236 366 378 416 tionis,
409 365 461 405 ad
492 364 609 420 quod
638 364 821 404 refertur
850 363 958 404 illud
989 362 1145 403 Mosis:
1187 363 1262 412 „In
1281 364 1320 419 ¹)
1351 361 1567 419 principio
1599 362 1662 401 fe-

238 445 296 486 cit
326 445 445 484 Deus
487 440 654 482 coelum
695 451 737 481 et
773 444 971 481 terram.“
1033 440 1139 480 Item
1178 439 1289 481 illud
1328 441 1435 481 Job:
1477 439 1660 494 „Hoc²)

237 533 299 564 est
327 518 585 577 principium
623 517 813 570 figmenti
851 517 1031 558 Domini
1070 518 1252 568 factum,
1289 529 1338 558 ut
1373 517 1578 558 illudatur
1607 517 1660 556 ab

235 598 390 652 angelis
417 597 563 639 suis:“
591 595 872 651 principium,
915 610 961 635 ex
993 611 1078 650 quo
1110 594 1274 651 aliquid
1302 594 1371 635 fit:
1401 593 1658 650 principium

236 674 349 720 κατὰ
379 673 429 718 τὸ
460 671 592 721 εἶδος,
623 673 855 714 secundum
895 671 1128 727 exemplar:
1167 672 1426 728 principium
1469 669 1659 726 discipli-

232 770 310 796 nae
329 786 339 804 ,
368 753 485 793 velut
517 767 612 791 cum
645 750 853 791 elementa
885 750 1086 790 dicuntur
1114 748 1373 805 principium
1405 747 1659 790 Grammati-

234 847 319 873 cae.
380 828 580 883 Quaerit,
621 828 673 868 ad
713 829 830 884 quod
870 844 918 867 ex
956 826 1018 867 his
1056 826 1276 882 principiis
1317 826 1536 867 referenda
1575 824 1659 866 sint

232 907 406 950 Joannis
437 906 576 946 verba.
639 904 750 944 Tum
783 903 843 944 sic
884 903 1078 960 loquitur
1114 921 1231 947 num.
1261 903 1330 947 22.
1387 904 1537 958 Καὶδ)
1569 916 1657 944 σα..

1262 980 1280 994 Ἀ

232 987 329 1044 «[ὲς,
363 982 429 1028 ὅτι
462 981 543 1026 οὐκ
575 982 651 1025 ἐπὶ
687 984 766 1025 τοῦ
807 979 867 1030 ὠς
893 980 1206 1037 μεταβάσεως,
1254 1001 1279 1036 η
1324 980 1382 1030 ὠς
1423 979 1535 1024 ὁδοῦ
1577 981 1654 1021 καὶ

230 1062 418 1121 μήκους.
484 1059 579 1104 Οὐκ
614 1055 791 1113 ἄδηλον
822 1060 896 1113 δὲ,
939 1058 1005 1103 ὅτι
1044 1059 1152 1103 οὐδὲ
1192 1061 1268 1103 ἐπὶ
1306 1061 1385 1102 τοῦ
1425 1057 1484 1107 ὠς
1521 1060 1654 1114 γενέ-

232 1157 356 1189 σεως.
418 1137 551 1191 Πλὴν
580 1135 779 1179 δυνατὸν
811 1135 870 1186 ὥς
900 1136 965 1192 τὸ,
998 1135 1074 1194 ὑφ’
1103 1129 1173 1191 οὗ,
1208 1135 1320 1192 ὅπερ
1353 1138 1445 1180 ἐστὶ
1473 1137 1653 1184 ποιοῦν,

231 1224 324 1275 εἴγε
357 1214 697 1272 „sumna-10⁴)
731 1213 752 1257 ὁ
786 1214 906 1268 θεὸς,
938 1218 1013 1257 καὶ
1037 1216 1363 1268 ιῖκτίοϊ9ησαν.ί
1414 1219 1653 1268 Δηιιιοιρ-

229 1297 311 1355 γὼς
340 1294 429 1352 γάρ
460 1309 555 1339 πως
586 1290 608 1334 ὁ
631 1290 824 1348 Χριστός
844 1293 979 1338 ἔστη,
1016 1309 1049 1333 (ι
1071 1293 1111 1347 ⁵)
1147 1294 1262 1347 λέγει
1287 1290 1307 1334 ὁ
1327 1288 1503 1345 πατήο·
1537 1305 1650 1344 ,ye-

229 1371 408 1429 νηθήτω
426 1372 468 1427 ⁶)
501 1372 613 1427 ([ὦς,
646 1372 722 1410 καὶ
752 1342 987 1425 γενηθήτῷ
1021 1373 1265 1425 στερέωμα.
1273 1372 1300 1390 “
1360 1369 1457 1408 Non
1489 1366 1652 1406 incom-

226 1453 404 1492 modum
433 1459 556 1504 putat
588 1445 816 1498 Origenes,
844 1446 1034 1486 Verbum
1067 1445 1152 1486 dici
1182 1446 1442 1502 principium
1475 1443 1652 1485 creatio-

225 1529 289 1570 nis
321 1527 521 1575 efficiens,
557 1535 759 1580 quatenus
791 1523 930 1563 onmia
962 1539 1040 1578 per
1070 1540 1165 1564 eum
1185 1537 1343 1565 creata:
1373 1535 1414 1564 at
1439 1521 1648 1578 liquidum

226 1619 268 1648 et
296 1604 570 1662 perspicuum
603 1618 689 1642 esse
720 1612 853 1657 putat,
884 1600 1142 1657 principium
1169 1600 1392 1642 creationis
1425 1600 1533 1640 illud
1565 1599 1649 1640 dici

223 1701 309 1726 non
338 1697 477 1739 posse,
510 1680 625 1736 quasi
656 1690 753 1720 ante
785 1678 928 1719 omnia
960 1690 1147 1720 creatum
1184 1678 1343 1719 fuisset.
1412 1678 1646 1720 Molestum

225 1779 312 1803 esse
334 1758 428 1801 'non
459 1760 600 1807 debet,
631 1758 746 1814 quod
779 1756 994 1799 Christum
1027 1757 1211 1812 quodam
1243 1757 1374 1797 modo
1400 1756 1647 1798 Creatorem

224 1856 310 1881 esse
342 1838 475 1879 dicat:
520 1852 617 1876 nam
663 1851 759 1891 cum
802 1834 1001 1875 haeretici
1044 1834 1252 1891 majorem
1299 1850 1395 1874 eum
1442 1834 1644 1876 Creatore

222 1919 440 1970 fingerent,
472 1913 583 1955 solet
614 1912 832 1964 Origenes,
863 1924 911 1953 ut
941 1912 1111 1952 Patrem
1141 1912 1282 1962 Filio,
1309 1911 1367 1952 ita
1398 1912 1645 1953 Creatorem

224 1995 395 2038 Christo
425 1990 630 2048 majorem
663 1989 919 2031 contendere
950 1989 1092 2030 habita
1123 1990 1294 2042 originis
1324 1989 1500 2030 ratione.

332 2074 381 2113 ln
414 2070 568 2111 eodem
609 2069 750 2109 Tomo
788 2083 903 2108 num.
945 2066 1012 2110 31.
1054 2066 1123 2111 32.
1155 2066 1366 2109 Christum
1398 2066 1642 2118 magistrum

219 2168 306 2195 esse
339 2161 380 2190 et
407 2146 644 2188 Dominum
676 2147 989 2196 demonstrans,
1021 2145 1072 2185 ad
1105 2159 1287 2199 eumque
1315 2144 1501 2184 referens
1533 2144 1643 2184 illud

215 2225 480 2273 Malachiae:
510 2222 641 2278 ‚,Si⁷)
672 2222 884 2263 Dominus
915 2238 990 2274 ego
1010 2238 1116 2271 sum,
1146 2221 1220 2261 ubi
1243 2232 1304 2262 est
1323 2223 1453 2261 timor
1469 2222 1641 2264 meus?“

218 2308 353 2350 adhuc
390 2300 741 2345 honorificentius
780 2299 816 2340 ei
857 2315 943 2340 esse
984 2298 1129 2339 statuit
1168 2297 1276 2339 illud
1319 2298 1499 2341 Psalmi:
1539 2300 1640 2351 „Fi-

337 2509 376 2564 ¹)
408 2507 559 2548 Genes.
593 2505 624 2555 I,
657 2504 693 2546 1.
811 2506 854 2557 ²)
886 2504 983 2545 Job.
1016 2503 1106 2553 XL,
1140 2502 1203 2545 19.

330 2580 373 2635 ³)
409 2576 496 2618 Cfr.
529 2576 592 2616 ed.
625 2586 757 2616 nostr.
790 2574 914 2616 Tom.
948 2576 977 2615 I.
1010 2591 1101 2630 pag.
1135 2573 1201 2617 39.

330 2650 373 2706 ²)
404 2647 559 2689 Psalm.
593 2646 825 2695 CXLVIII,
857 2645 895 2687 5.

331 2717 511 2786 {wide}
545 2716 596 2756 H
631 2727 669 2756 ct
701 2715 776 2765 R.,
818 2717 890 2759 cfr.
933 2716 998 2757 ed.
1039 2727 1168 2757 nostr.
1209 2715 1334 2758 Tom.
1370 2714 1399 2755 Ι.
1440 2729 1530 2769 pag.
1563 2711 1630 2757 39.

212 2792 299 2822 not.
331 2779 384 2826 5.,
417 2792 475 2830 τῳ
508 2777 585 2829 λ’)ἐ
562 2791 622 2816 vet
657 2779 747 2814 κτλ.

330 2848 371 2902 ε)
406 2846 543 2886 Gencs
596 2844 622 2892 ¹,
655 2844 693 2887 ‘3.
725 2844 763 2884 (ἦ.
887 2843 927 2898 7)
961 2843 1138 2885 malach.
1175 2844 1206 2890 l,
1239 2842 1276 2883 6,

1747 209 1757 229 b
