1759 3125
241 88 326 133 358
803 88 1041 131 Excunsos
1071 86 1103 127 1.

251 198 440 248 οὐδενὸς
471 197 493 242 ὁ
523 197 683 255 Λόγος
716 199 845 250 Θεός·
890 199 1077 248 οὐδενὸς
1107 197 1196 257 γὰρ
1229 197 1252 242 ὁ
1287 196 1446 254 Λόγος
1476 197 1525 240 ἐν
1554 196 1672 255 ἀρχῇ

248 276 364 335 πρὸς
394 277 571 321 ἐκεῖνον
600 270 679 332 ἦν,
721 271 775 322 οὗ
818 277 840 322 ὁ
880 276 1039 334 Λόγος
1080 269 1145 330 ἦν.
1207 277 1302 318 Hoc
1343 276 1385 316 in
1416 275 1558 314 Verbo
1592 272 1676 314 Dei

253 354 503 396 admirabile
535 371 622 394 esse
653 356 793 407 addit,
825 353 946 412 quod
970 356 1031 396 sit
1063 353 1204 404 Deus,
1237 351 1356 408 quod
1383 355 1444 394 sit
1487 348 1679 392 Verbum

251 434 420 486 vivens,
453 429 574 487 quod
595 445 684 488 per
711 446 758 475 se
788 435 1024 483 subsistat,
1055 438 1101 473 et
1132 432 1366 472 me·nz·stret
1395 430 1548 472 Patri.

369 508 508 563 Quale
552 522 692 550 autem
732 512 785 552 sit
827 511 935 551 illud
966 507 1274 558 ministerium,
1305 523 1388 562 quo
1419 505 1557 547 Filius
1587 521 1684 561 pcr-

257 586 459 640 fungitur,
489 588 676 644 perspici
706 600 850 644 potest
881 605 929 628 ex
962 587 1035 628 lib.
1069 587 1138 628 Vl.
1181 597 1328 627 contra
1370 584 1563 635 Celsum,
1610 581 1684 622 ubi

260 663 387 704 Celso
419 665 664 721 Scripturae
694 666 958 714 testimonia,
1003 664 1047 704 in
1088 664 1239 720 quibus
1279 663 1398 702 Deus
1437 659 1605 716 operari
1646 670 1687 700 et

259 741 508 797 praecipere
539 742 717 793 dicitur,
750 742 975 796 exagitanti
1005 741 1066 782 sic
1095 741 1327 796 respondet
1356 755 1471 779 num.
1503 736 1569 780 (52.
1629 740 1687 778 Εἰ

259 817 555 875 δἐὶνεγνώκει
594 818 674 868 τὰς
699 823 790 862 τῶν
820 836 942 875 προᾳ
957 821 1072 873 ητῶν
1101 822 1262 873 λέξεις,
1310 819 1389 860 τοῦ
1421 815 1508 871 μὲν
1538 814 1690 869 Λαβὶὸ

260 899 494 953 λέγοντος·
528 894 676 952 ,,σὺ’)
709 897 758 939 δὲ
793 894 814 939 ὁ
848 895 981 944 αὐτὸς
1012 893 1064 951 εἶ,
1097 899 1175 939 καὶ
1205 894 1256 938 τά
1291 896 1364 949 ἔτη
1385 909 1468 938 σου
1497 892 1580 936 οὐκ
1613 892 1690 934 ἐκ·

261 977 570 1030 λείψουσιν’“
612 972 731 1033 ἑώρα
774 971 855 1029 (ἲν,
909 972 976 1017 ὅτι
1017 974 1165 1023 οὐδεὶς
1202 972 1336 1030 ἡμῶν
1367 987 1532 1030 φησιν,
1574 966 1690 1014 εἶναι

260 1050 520 1107 μεταβολὴν
550 1052 600 1096 ἓν
628 1054 690 1109 τῷ
724 1055 817 1109 θεῷ
850 1048 938 1095 οὔτ’
973 1053 1107 1109 ἔργῳ,
1141 1046 1228 1095 οὔτ’
1264 1052 1458 1106 ἐπινοίᾳ.
1518 1051 1691 1091 ῘῑΙένων

260 1128 352 1188 γὰρ
384 1127 406 1173 ὁ
440 1129 573 1179 αὐτὸς
604 1132 769 1175 διοικεῖ
803 1130 856 1174 τὰ
892 1128 1171 1187 μεταβλητὰ,
1221 1126 1279 1177 ὠς
1309 1132 1515 1185 πέφυκε,
1558 1128 1636 1169 καὶ
1668 1122 1690 1168 ὁ

261 1206 422 1264 Λόγος
460 1207 599 1251 αὐτοῦ
638 1210 758 1266 αἱρεῖ
797 1209 1071 1251 διοικεῖσθαι
1111 1204 1242 1250 αὐτά.
1302 1207 1349 1247 In
1386 1206 1540 1247 eodem
1580 1203 1693 1244 libro

264 1301 378 1326 num.
411 1284 479 1327 64.
536 1284 583 1328 ‘0
625 1287 726 1334 θεὸς
765 1284 1039 1342 μεταδιδοὺς
1081 1285 1260 1335 οὐσίτις,
1310 1278 1375 1332 οἷς
1412 1282 1695 1340 μεταδίδωσι
1745 1313 1757 1325 .

268 1360 380 1405 κατὰ
417 1361 498 1405 τὸν
537 1363 699 1405 ἑαυτοῦ
739 1361 927 1418 Λόγον,
969 1365 1046 1405 καὶ
1077 1362 1196 1418 αὐτῷ
1228 1359 1388 1417 Λόγῳ.
1448 1358 1694 1407 Attendant,

268 1439 412 1492 velim,
445 1439 518 1495 qui
549 1440 779 1493 Origenem
811 1439 1016 1481 Arianum
1045 1439 1218 1489 faciunt,
1253 1437 1474 1495 quomodo
1507 1452 1604 1476 eum
1634 1436 1696 1476 fa-

269 1517 381 1558 ciant
408 1518 665 1561 ratiocinari.
725 1518 797 1560 Sic
829 1519 942 1559 enim
973 1519 1016 1559 in
1044 1518 1119 1559 illa
1151 1517 1376 1574 opinione,
1411 1530 1536 1571 quam
1567 1512 1607 1554 ei
1638 1514 1698 1554 af·

270 1595 445 1647 fingunt,
476 1595 772 1638 ratiocinatur:
803 1598 922 1638 Deus
953 1612 1040 1637 non
1070 1606 1398 1645 mutatur,‘cum
1429 1607 1495 1633 res
1516 1590 1696 1631 mutabi-

272 1672 333 1713 les
363 1675 568 1725 gubernat
599 1686 640 1714 et
671 1687 807 1727 creat,
847 1674 944 1730 quia
977 1690 1043 1715 eas
1076 1675 1126 1714 ad
1158 1673 1220 1713 rei
1252 1683 1414 1713 creatae
1446 1681 1487 1710 et
1516 1667 1699 1709 mutabi-

273 1750 337 1791 lis'
356 1751 667 1807 praescriptum
698 1753 903 1805 gubernat
936 1764 979 1793 et
1009 1767 1133 1792 creat.
1186 1750 1306 1805 Quid
1338 1764 1436 1801 ergo
1466 1747 1597 1800 magis
1628 1762 1701 1787 co·

270 1840 488 1869 aeternum
519 1831 617 1870 Deo
660 1842 700 1870 et
731 1830 906 1886 aequale
938 1842 979 1870 et
1010 1827 1389 1878 consubstantiale,
1429 1842 1554 1883 quam
1592 1824 1702 1865 illud

271 1907 484 1957 Verbum,
535 1924 619 1963 quo
660 1908 975 1964 praescribente
1016 1919 1057 1948 et
1096 1907 1281 1948 dictante
1313 1904 1454 1946 omnia
1485 1905 1700 1956 gubernat.

273 1984 391 2024 Haec
420 1985 533 2025 forte
575 1985 628 2024 ad
667 1985 952 2026 Sabellianam
993 1984 1183 2025 haeresin
1219 1983 1505 2033 traherentur,
1549 1981 1586 2022 si
1623 1997 1704 2036 qua

275 2061 522 2119 hujusmodi
550 2062 735 2118 suspicio
769 2063 810 2103 in
846 2063 1030 2116 Origene
1071 2062 1297 2114 resideret;
1334 2072 1377 2101 at
1412 2061 1465 2101 ad
1505 2058 1703 2099 Arianam

275 2139 385 2180 trahi
416 2139 591 2180 omnino
623 2155 708 2180 non
739 2152 930 2196 possunt.

390 2217 583 2258 Eandem
614 2216 698 2257 vim
730 2217 856 2258 habet
887 2218 1004 2273 quod
1033 2216 1091 2258 ait
1122 2217 1248 2258 Tom.
1268 2217 1301 2258 Ῑ.
1331 2215 1376 2256 in
1402 2213 1555 2256 Joann.
1587 2230 1704 2259 num,
1758 2223 1759 2251 1

276 2293 363 2345 22„
392 2294 551 2344 Deum,
580 2305 627 2334 ut
655 2294 865 2351 sapientes
896 2294 1117 2336 architecti
1145 2295 1298 2344 solent,
1327 2304 1550 2348 antequam
1583 2292 1705 2348 quid·
1755 2292 1759 2333 ἐ

282 2388 406 2427 quam
439 2372 678 2422 aedificent,
707 2372 765 2413 ita
789 2384 1015 2428 antequam
1044 2373 1252 2412 mundum
1283 2382 1455 2423 crearet,
1489 2370 1631 2411 omnia
1660 2370 1704 2411 in
1755 2378 1759 2412 ’ἐ

281 2449 498 2506 Sapientia
528 2467 602 2492 sua
633 2450 914 2506 descripsisse.
974 2451 1072 2491 Non
1103 2449 1322 2502 ignorabat
1352 2449 1571 2501 Origenes,
1600 2449 1706 2490 Ver·

281 2529 384 2569 bum
415 2545 438 2569 a
467 2529 593 2569 Patre
625 2528 766 2568 omnia
795 2527 1018 2584 accepisse,
1049 2527 1082 2568 si
1107 2528 1279 2584 quidem
1301 2527 1345 2568 id
1365 2526 1583 2582 conceptis
1615 2543 1705 2567 ver-

282 2605 347 2647 bis
379 2607 564 2647 declarat
595 2606 638 2647 in
669 2607 768 2647 loco
802 2623 849 2646 ex
880 2606 1024 2662 Opere
1058 2617 1204 2647 contra
1235 2605 1407 2648 Celsum
1440 2605 1593 2659 citato3
1634 2621 1706 2645 ue-

284 2699 365 2739 que
398 2684 523 2725 etiam
556 2700 654 2727 eum
684 2685 856 2735 latebat,
887 2685 1003 2739 quod
1035 2686 1229 2727 observat
1257 2684 1475 2737 Augustin.
1509 2685 1579 2726 lib.
1612 2684 1703 2726 XV.
1752 2676 1754 2714 s

408 2848 447 2903 ¹)
478 2848 635 2892 Psalm.
670 2849 764 2898 CII,
792 2848 859 2891 27.
894 2848 1006 2905 (CI.)
