1759 3125
460 103 850 144 ORIGENIANORUM
879 103 1022 143 LmER
1042 104 1099 143 ΙΙ.
1390 107 1470 157 211

419 295 787 349 QUAESTIO
841 295 1112 338 TERTIA.

59 409 148 450 DE
187 407 513 457 CHRISTO,
562 407 872 461 EJUSQUE
922 406 1472 452 INCARNATIONE

493 484 575 525 ET
608 483 1035 526 OIKONOMIA.

57 599 88 638 I.
132 595 320 638 Plurima
369 598 421 637 de
474 596 641 637 Christo
693 598 847 637 absona
894 595 1098 648 Origenes
1152 598 1347 654 opinatus
1398 613 1471 643 est.

57 674 108 714 II.
140 673 296 714 Utrum
328 673 540 715 Christum
573 673 903 713 substantialiter
932 672 975 713 in
993 674 1132 724 Mose,
1162 676 1398 732 prophetis,
1429 690 1471 719 et

57 750 212 802 angelis
243 750 423 791 adfuisse
454 748 643 790 senserit.
706 750 783 791 III.
814 749 990 790 Patrum
1029 752 1265 793 multorum
1304 770 1472 795 assensu

56 838 97 867 et
126 844 198 867 sua
229 827 357 882 ipsius
386 825 660 866 fluctuatione
691 825 868 882 juvatur.
930 827 1002 869 IV.
1037 827 1136 882 Quo
1166 845 1290 870 sensu
1321 831 1472 872 dixerit

55 903 216 943 Filium
254 903 360 954 Dei,
398 915 619 958 antequam
660 914 767 942 esset
808 904 962 953 homo,
1009 906 1289 948 mediatorem
1327 908 1470 950 fuisse.

54 981 103 1020 V.
134 981 180 1021 In
213 997 296 1035 quo
331 991 371 1020 et
400 980 572 1020 Patrum
613 981 879 1036 quorundam
922 982 1197 1024 consensione
1236 1001 1280 1024 se
1315 996 1470 1028 tuetur.

54 1057 123 1097 VI.
155 1056 436 1098 Excutiuntur
466 1058 552 1114 ejus
585 1074 747 1098 errores
778 1058 829 1097 de
862 1057 999 1098 anima
1024 1059 1192 1101 Christi.
1237 1061 1330 1101 VH.
1364 1061 1470 1115 Qui-

51 1136 127 1174 bus
171 1146 311 1174 tamen
364 1151 448 1174 non
501 1134 774 1190 pertinaciter
815 1135 1017 1177 adhaesit.
1101 1137 1214 1177 VIII.
1266 1139 1474 1180 Nonnulli

49 1211 178 1267 ipsius
209 1223 473 1252 accusatores
502 1214 798 1253 retunduntur.
859 1213 932 1253 IX.
966 1211 1065 1266 Quo
1097 1229 1218 1254 sensu
1238 1214 1400 1257 Filium
1433 1229 1473 1257 et

55 1286 141 1344 ejus
172 1287 354 1328 animam
382 1306 513 1329 unum
545 1305 631 1330 esse
663 1290 835 1340 dixerit,
881 1290 1241 1345 quemadmodum
1272 1292 1399 1333 Pater
1429 1303 1471 1334 et

51 1364 188 1405 Filius
218 1382 350 1405 unum
380 1377 487 1406 sunt.
547 1367 599 1407 X.
630 1367 784 1408 Utrum
817 1367 1030 1409 Christum
1062 1383 1228 1407 carnem
1261 1370 1313 1409 de
1345 1371 1468 1411 coelo

51 1442 238 1483 attulisse
270 1459 512 1497 persuasum
543 1443 747 1485 habuerit.
805 1446 883 1484 XI.
918 1447 981 1483 An
1013 1443 1241 1483 crediderit
1259 1445 1471 1487 Christum

51 1519 193 1575 specie
223 1531 344 1559 tenus
374 1518 416 1559 in
445 1519 566 1560 terris
596 1520 860 1576 apparuisse,
898 1536 985 1560 non
1027 1536 1168 1560 veram
1207 1538 1373 1563 carnem
1404 1540 1472 1576 ge-

54 1608 192 1639 stasse.
221 1597 315 1636 XII.
337 1597 572 1637 Solvuntur
595 1596 789 1638 difficiles
809 1596 939 1651 ipsius
959 1596 1046 1637 loci
1064 1598 1162 1637 duo.
1201 1599 1321 1640 XIII.
1345 1601 1469 1643 Unde

53 1673 94 1714 in
124 1673 230 1714 hanc
261 1673 391 1714 afficti
423 1674 589 1715 Christo
622 1674 717 1715 falsi
760 1673 951 1728 corporis
982 1673 1267 1729 suspicionem
1297 1679 1471 1730 venerit,

52 1751 306 1806 exploratur.
366 1751 479 1791 XIV.
510 1751 663 1791 Utrum
699 1751 913 1792 Christum
941 1767 1107 1791 merum
1138 1768 1224 1792 esse
1254 1753 1472 1796 hominem

55 1827 362 1868 existimaverit.
400 1828 492 1868 XV.
520 1832 583 1868 An
615 1829 721 1868 duos
756 1827 945 1868 Christos
975 1829 1153 1869 finxerit.
1182 1830 1293 1870 XVI.
1316 1830 1470 1873 Utrum

57 1917 99 1946 et
129 1922 212 1960 quo
253 1921 377 1945 sensu
414 1906 559 1945 Jesum
600 1904 784 1945 induisse
814 1904 975 1945 Filium
1005 1906 1089 1946 Dei
1119 1907 1470 1962 pronuntiaverit.

57 1983 191 2024 XVII.
226 1981 325 2036 Quo
356 1998 478 2021 sensu
511 1981 723 2022 Christum
756 1982 907 2022 dixerit
937 1983 1150 2023 deificasse
1175 1996 1366 2025 naturam
1398 1987 1473 2027 hu-

57 2076 235 2100 manam.
295 2060 454 2099 XVIII.
491 2058 590 2112 Quo
631 2075 754 2099 sensu
788 2058 1000 2100 Christum
1035 2077 1121 2101 esse
1154 2061 1305 2102 dixerit
1336 2063 1472 2105 virum

57 2137 179 2178 illum
219 2136 428 2186 sterilem,
479 2137 529 2177 de
578 2153 661 2192 quo
701 2136 906 2177 Jeremias
950 2154 1038 2192 cap.
1078 2138 1217 2178 XXII.
1262 2156 1364 2180 vers.
1405 2141 1470 2184 30,

56 2215 176 2258 ΧΙΧ.
197 2214 352 2255 Utrum
378 2231 531 2269 corpus
551 2214 705 2256 Christi
728 2214 886 2270 ubique
906 2231 991 2254 esse
1021 2215 1238 2256 censuerit.
1269 2218 1367 2257 XX.
1386 2219 1470 2259 Pro

59 2291 207 2347 quibus
237 2308 404 2346 passum
436 2291 650 2332 Christum
681 2291 877 2346 opinatus
907 2291 972 2331 sit.
1032 2293 1151 2331 XXI.
1182 2293 1472 2336 Recensentur

56 2367 228 2408 Patrum
293 2368 604 2409 criminationes
679 2369 874 2409 adversus
938 2368 1129 2420 Origenis
1197 2372 1470 2414 sententiam:

57 2446 201 2486 XXII.
243 2462 348 2501 quae
390 2462 437 2486 ex
477 2445 607 2500 ipsius
650 2445 788 2485 verbis
836 2446 1105 2501 proponitur.
1173 2447 1332 2489 XXIII.
1375 2452 1472 2492 Non

56 2522 150 2563 satis
182 2534 362 2574 constat,
404 2539 454 2563 an
493 2539 615 2578 saepe
657 2522 741 2579 jam
779 2540 857 2578 pro
898 2525 1023 2563 rebus
1061 2522 1224 2563 ratione
1256 2528 1470 2580 praeditis,

57 2615 108 2638 an
148 2599 277 2638 semel
315 2612 476 2640 tantum
506 2617 698 2655 passum,
741 2616 792 2640 an
831 2600 957 2640 etiam
996 2599 1222 2655 aliquando
1254 2620 1471 2658 passurum

61 2675 272 2716 Christum
302 2677 524 2731 putaverit.
568 2678 719 2718 XXIV.
747 2679 808 2717 Ex
833 2694 958 2733 supra
977 2677 1112 2717 allatis
1140 2679 1317 2730 genuina
1342 2681 1470 2736 ipsius

61 2751 207 2806 opinio
225 2752 410 2793 elicitur:
442 2753 574 2795 XXV.
593 2754 709 2811 cujus
729 2767 770 2795 et
788 2755 906 2807 origo
927 2755 1147 2796 indicatur.
1179 2757 1336 2797 XXVI.
1356 2760 1471 2799 Non-

60 2829 173 2868 nulla
204 2829 360 2869 faciunt
400 2846 478 2883 pro
518 2847 655 2872 caussa
689 2832 896 2884 OrigeniS.
958 2833 1130 2872 XXVII.
1164 2832 1316 2873 Utrum
1349 2835 1467 2875 Chri-

1054 2908 1146 2948 14*
