1759 3125
247 38 330 83 ‘254
662 38 802 80 Perm
831 38 1044 80 Dmuzus
1084 38 1250 82 Ηυετη

247 151 503 193 severantiae
535 152 692 192 donum
727 151 939 194 Christum
970 152 1167 204 sanguine
1198 167 1274 192 suo
1297 150 1595 207 promeruisse,
1624 161 1671 189 ut

251 244 301 271 eo
335 245 457 271 sensu
487 230 731 282 angelorum
774 212 953 286 quoque
984 241 1274 278 conservator,
1316 240 1356 268 et
1394 240 1440 268 ut
1481 227 1670 283 loquitur

247 307 550 357 Tertullianus,
582 307 871 348 salutificator
910 305 993 347 dici
1034 306 1179 361 possit.
1246 305 1426 347 Minime
1459 321 1559 346 vero
1590 304 1669 345 Di-

249 385 366 443 dymi
408 385 657 437 suffragium
696 386 763 427 hic
802 385 1058 442 praetendO,
1103 383 1261 439 quippe
1300 384 1372 439 qni
1413 383 1669 435 Origenismi

250 480 369 504 causa
400 464 510 504 male
542 463 747 516 audie1·it;
788 463 890 504 haec
931 461 1206 502 nihilominus
1246 463 1371 502 verba
1410 462 1538 517 ipsius
1570 478 1669 518 pro-

248 544 379 584 feram
426 559 447 582 e
495 542 779 587 commentar.
819 541 861 581 in
905 541 942 583 1.
978 541 1090 580 petr.
1124 540 1220 590 lll.,
1262 556 1368 595 quae
1410 541 1666 593 Origeniano

248 624 458 663 fermento
498 633 686 674 turgent:
732 619 856 662 Se‘cut
910 620 1030 660 enim
1078 616 1279 659 hommes
1318 615 1602 660 abstinentes
1641 632 1669 661 a

241 703 448 758 peccatis
477 697 675 756 sabjecti
699 704 822 749 sunt,
852 698 924 738 ita
954 704 1000 738 et
1030 699 1272 752 super-jora
1290 697 1549 739 rationalia
1572 710 1670 739 cor-

247 787 379 822 recta
409 779 676 835 spontaneis
705 776 868 833 calpis,
907 788 1023 832 quae
1048 775 1267 830 forsitan
1306 773 1588 828 habuerunt,
1628 777 1674 816 εἰ

246 856 456 914 subjecta
485 862 616 911 sunt,
659 854 884 912 completa
913 852 1256 911 despensatlone
1289 852 1454 897 habita
1479 866 1565 912 pro
1595 866 1669 896 sa-

248 936 342 979 lute
373 941 656 978 cunctorum.

360 1014 457 1055 Huc
487 1013 609 1064 adde,
640 1028 915 1069 quaecunque
948 1013 1037 1054 sere
1069 1029 1198 1069 super
1228 1028 1278 1053 eo
1301 1023 1545 1064 argumento
1568 1027 1670 1068 pro·

246 1093 389 1150 posuit
422 1091 640 1145 Origenes,
673 1090 915 1132 haesitando
949 1101 989 1130 et
1010 1090 1279 1147 inquirendO,
1310 1107 1395 1131 non
1417 1090 1668 1131 affirmando

248 1169 543 1228 proposuisse:
593 1168 711 1209 velut
754 1168 799 1209 in
847 1168 923 1209 illo
966 1168 1114 1221 insigni
1157 1169 1254 1210 loco
1288 1185 1335 1210 ex
1369 1169 1531 1211 Homil.
1563 1170 1593 1210 I.
1626 1168 1668 1208 in

245 1249 380 1291 Levit.
411 1265 526 1290 num.
557 1246 597 1291 3.
657 1244 751 1290 Sed
785 1252 832 1288 et
872 1246 954 1287 hoc
978 1245 1217 1300 fortasse,
1255 1246 1413 1302 inquit,
1451 1260 1542 1288 non
1573 1249 1670 1289 sine

246 1339 410 1369 caussa
433 1325 525 1382 fit,
562 1336 638 1366 etc.
710 1325 820 1365 Item
861 1323 1048 1380 paulo¹)
1090 1322 1220 1364 infra:
1260 1323 1366 1366 Nise·
1399 1326 1507 1380 quia
1542 1323 1670 1377 forte

246 1404 329 1448 Ῐῑοε
359 1403 566 1459 intelligi
590 1401 747 1452 voluit,
767 1412 861 1452 etc„
893 1411 934 1441 et
964 1402 1007 1441 in
1039 1401 1174 1443 altero
1204 1418 1252 1442 ex
1283 1401 1410 1442 Hom.
1427 1400 1466 1444 2.
1497 1401 1668 1444 num.3.

258 1481 365 1528 Vide
397 1494 532 1539 ergO,
564 1493 621 1522 πθ
639 1478 781 1535 sorte
809 1479 962 1528 Jews,
1004 1492 1082 1524 ete.
1141 1479 1253 1521 Tum
1284 1480 1328 1521 in
1361 1495 1425 1530 eo,
1457 1480 1528 1536 qui
1559 1479 1669 1536 peti-

243 1573 310 1603 tus
343 1572 404 1602 est
435 1575 457 1601 e
489 1559 615 1601 Tom.
651 1558 686 1602 1.
719 1557 762 1599 in
792 1557 947 1600 Joann.
978 1572 1093 1601 num.
1125 1555 1215 1607 34.,
1257 1558 1475 1613 quomodo
1507 1558 1670 1598 subter-

244 1638 380 1680 raneis
411 1637 560 1679 similis
592 1638 725 1678 faetus
755 1635 821 1686 sit,
854 1635 982 1676 dubie
1012 1635 1198 1691 inquirit.
1259 1635 1534 1692 Apertissimc
1566 1652 1667 1676 vero

245 1698 570 1758 fluctuationem
615 1731 732 1756 suam
785 1713 982 1770 exprimit
1023 1714 1117 1755 libr.
1161 1714 1190 1754 I.
1237 1713 1279 1754 in
1328 1729 1393 1770 ep.
1441 1715 1491 1755 ad
1541 1715 1665 1755 Rom.

246 1812 361 1837 num.
392 1795 454 1845 4.,
502 1810 596 1834 cum
636 1793 767 1834 varias
807 1791 899 1833 illas
935 1791 1087 1834 Christi
1129 1790 1414 1847 apparitiones
1456 1804 1665 1834 recenset:

244 1874 320 1917 De
350 1870 525 1929 quibus,
557 1872 704 1928 inquit,
738 1873 943 1927 quamvis
967 1870 1275 1927 periculosam
1302 1867 1518 1914 videatur
1534 1868 1667 1911 elear-

245 1952 356 1995 talae's
386 1953 674 1992 committere
703 1961 972 2004 sermonem,
990 1950 1033 2005 ²)
1066 1955 1221 1990 tamen
1253 1960 1343 1989 ozon
1375 1949 1513 1989 otiose
1528 1960 1667 2003 prae-

245 2026 476 2072 tereunda
514 2032 623 2071 sant
662 2024 848 2082 dictffl)
878 2028 1154 2083 sapientiam
1183 2031 1230 2067 et
1261 2026 1558 2081 aemgmata,
1590 2023 1672 2068 sed

241 2104 405 2151 subtili
432 2102 680 2148 admodum
709 2105 875 2146 mentis
905 2106 1029 2160 acie,
1063 2128 1114 2136 —-
1145 2105 1192 2145 z'n
1225 2109 1453 2158 quantam
1482 2115 1556 2145 res
1579 2115 1666 2159 pa-

243 2186 366 2229 titur
397 2209 473 2234 —,
503 2181 629 2225 velat
652 2194 740 2238 per
769 2179 998 2237 quoddam
1025 2181 1258 2238 speculum
1289 2179 1668 2237 contemplanda,-

244 2274 302 2305 ηε
329 2260 459 2317 forte
490 2263 540 2314 ῖς,
571 2260 651 2316 qai
689 2259 882 2303 Verbum
913 2270 1022 2302 earo
1049 2258 1212 2311 factus
1241 2261 1465 2315 apparuit
1490 2261 1668 2317 positus

243 2343 292 2383 in
323 2351 478 2391 carne,
512 2349 588 2380 etc.

357 2416 538 2459 XXVlI.
609 2416 724 2457 Inter
761 2414 961 2468 sacrilega
1001 2414 1350 2457 Manichaeorum
1388 2415 1498 2456 dicta
1536 2415 1666 2456 refert

245 2494 404 2550 insigne
435 2493 544 2535 illud
575 2492 828 2546 Augustinus
860 2491 953 2535 libr.
978 2492 1047 2537 20.
1083 2504 1226 2535 contra
1253 2493 1471 2545 Faustum,
1505 2509 1592 2549 cap.
1611 2492 1665 2545 2.,

369 2656 407 2711 ¹)
438 2655 604 2696 Desunt
634 2654 676 2696 in
710 2655 802 2697 edd.
835 2655 888 2697 H.
921 2657 1067 2697 verba:
1096 2656 1238 2713 paulo
1267 2656 1416 2710 infra.

363 2727 406 2782 ²)
438 2727 571 2767 Deest
604 2733 896 2775 ,‚sermonem“
929 2726 971 2767 in
1005 2727 1099 2769 edd.
1132 2727 1184 2769 H.

365 2797 405 2853 ³)
441 2797 526 2838 Csr.
560 2795 685 2837 Prov.
719 2798 750 2848 Ῑ,
782 2796 819 2840 6.
