1759 3125
493 109 880 149 OmGssNiANORUM
913 109 1054 148 Lmen
1087 109 1138 149 Π.
1437 109 1514 151 109

104 219 294 259 omnium
327 219 698 276 encyclopaediam
721 218 860 259 animo
880 220 1122 259 crederetur
1148 233 1233 257 esse
1258 220 1513 274 complexus,

105 308 146 335 et
173 295 367 350 princeps
407 296 516 336 inter
554 296 740 336 literatos
779 297 829 335 ab
871 294 1064 334 omnibus
1094 296 1408 349 propemodum
1439 313 1517 351 po-

102 384 281 413 {leretur-

416 610 680 664 CAPUT
739 607 1204 666 SECUNDUM.

497 735 774 777 ORIGEMS
806 735 1117 777 DOGMATA.

235 847 438 916 Capitis
477 846 693 899 secundi
733 848 1016 918 Prologus,
1060 860 1108 902 et
1146 854 1374 920 partitio.

213 986 486 1028 Pervenimus
515 986 598 1044 jam
628 987 679 1027 ad
710 987 799 1042 ipsa
827 987 1021 1040 Origenis
1052 990 1260 1040 dogmata,
1290 990 1376 1030 sive
1409 1007 1513 1045 quae

101 1063 445 1118 reprehensiones
478 1075 643 1119 experta
674 1063 815 1119 aliquo
848 1066 978 1105 modo
1005 1066 1175 1106 defendi
1197 1079 1393 1121 possunt3
1427 1067 1513 1107 sive.

103 1158 207 1197 quae
244 1158 364 1182 sanae
403 1141 735 1182 Christianorum
783 1141 996 1185 doctrinae
1037 1159 1080 1182 re
1121 1143 1210 1199 ipsa
1248 1144 1385 1184 minus
1417 1144 1516 1185 con-¹

100 1230 295 1259 sentanea
337 1235 505 1259 omnem
542 1219 708 1274 penitus
748 1231 951 1274 respuunt
982 1220 1311 1260 excusationem:
1352 1238 1428 1260 nec
1469 1238 1513 1260 ea

101 1297 247 1345 modo,
278 1312 381 1352 quae
414 1297 573 1351 culpari
605 1297 728 1348 vulgo
759 1296 920 1346 solent,
959 1298 1031 1337 sed
1063 1314 1169 1353 quae
1200 1315 1276 1348 nos
1308 1298 1433 1338 etiam
1467 1316 1514 1338 ex

101 1385 257 1417 attenta
287 1385 329 1414 et
361 1373 551 1426 diligenti
582 1374 921 1414 lucubrationum
941 1374 1027 1430 ejus
1056 1374 1237 1415 lectione
1261 1375 1511 1430 excepimus.

101 1451 186 1491 Alii
231 1451 400 1507 quidem
447 1450 664 1490 universos
714 1451 906 1503 Origenis
954 1468 1116 1492 errores
1162 1452 1388 1492 defendere
1434 1468 1513 1507 qua

99 1528 203 1586 jure,
235 1515 397 1584 (imque
427 1526 578 1584 injuria
607 1539 703 1568 sunt
732 1528 930 1580 aggressi·;
960 1545 1149 1580 magnam
1172 1528 1267 1568 hinc
1286 1527 1364 1568 sibi
1387 1543 1514 1583 spon-

101 1606 245 1646 dentes
275 1605 464 1654 laudem,
502 1604 535 1645 si
564 1617 752 1659 receptas
782 1606 832 1645 de
867 1621 916 1645 eo
949 1605 1171 1660 opiniones
1201 1605 1514 1660 impugnai·cnt;

101 1682 342 1737 neutiquam
376 1681 603 1734 cogitantes
635 1698 699 1732 se,
742 1683 840 1722 dum
881 1682 924 1722 in
956 1682 1182 1734 Origenem
1214 1682 1394 1722 officiosi
1427 1698 1512 1722 esse

101 1759 292 1816 student,
334 1757 632 1800 existimationi
669 1775 767 1799 suae
809 1775 855 1799 ac
895 1759 1051 1814 pudori
1090 1775 1237 1814 parum
1278 1760 1513 1799 consulere.

101 1835 235 1877 Nobis
265 1835 484 1876 veritatem
515 1836 712 1892 persequi
742 1836 1012 1892 propositum
1047 1849 1120 1886 est,
1153 1847 1194 1875 et
1216 1836 1511 1891 Atti-amantium

103 1914 166 1953 vel
197 1929 413 1962 accusare,
442 1913 476 1953 si
506 1913 563 1954 ita
593 1929 658 1953 res
690 1915 817 1963 ferat,
860 1914 925 1953 vel
957 1929 1171 1961 excusare,
1210 1913 1350 1967 quoad
1380 1912 1512 1967 patie-

39 2004 44 2009 ·
102 1999 170 2030 t'ur
201 1991 358 2030 candor
387 2001 553 2041 noster3
583 1991 657 2031 sed
687 1990 743 2030 ita
772 2001 925 2040 tamen,
956 2001 1003 2030 ut
1034 1991 1085 2030 ad
1103 1990 1397 2044 praestandum
1430 1989 1511 2044 ipsi

55 2110 60 2115 ,
102 2066 356 2108 defensionis
388 2067 578 2112 officium
607 2067 735 2108 simus
766 2067 1009 2123 paratiores,
1072 2066 1203 2120 Quod
1232 2065 1393 2121 triplici
1424 2068 1510 2107 fere

98 2143 260 2185 ratione
289 2145 426 2195 facere
456 2143 733 2196 instituimus,
772 2145 840 2186 vel
869 2145 994 2186 molli
1024 2160 1071 2185 ac
1100 2143 1277 2196 benigna
1307 2144 1513 2199 interpre-

99 2220 259 2262 tatione
302 2220 407 2261 locis
448 2222 726 2263 controversis
764 2221 970 2272 adhibita,
1016 2223 1082 2261 vel
1121 2221 1298 2282 prolatis
1339 2237 1386 2261 ex
1416 2222 1540 2278 ipso⁴

101 2296 282 2349 Origene
314 2298 532 2339 contrariis
562 2315 609 2339 ac
638 2298 967 2354 repugnantibus
999 2297 1156 2349 effatis;
1197 2298 1264 2338 vel
1305 2299 1510 2340 similibus

98 2373 272 2414 Patrum
302 2374 492 2415 adductis
519 2375 750 2416 sententiis.
810 2375 1030 2417 Posterior
1057 2387 1233 2431 uterque
1257 2376 1512 2418 defensionis

99 2452 250 2491 modus
279 2467 303 2492 a
332 2452 547 2492 nonnullis
567 2454 818 2508 reprobatus
851 2465 923 2503 est,
956 2464 997 2493 et
1026 2444 1232 2493 secundus
1255 2453 1425 2508 quidem
1460 2456 1510 2494 ab

98 2525 246 2579 insigni
275 2528 420 2569 aetatis
449 2541 615 2570 nostrae
645 2529 894 2582 Theologo,
938 2529 1098 2570 idcirco
1131 2529 1352 2580 nimirum,
1395 2532 1509 2585 quod

101 2617 148 2642 ex
180 2604 387 2658 oppositis
419 2605 613 2658 Origenis
644 2606 894 2647 testimoniis
927 2607 1197 2647 concluditur
1235 2609 1507 2648 solummodo

100 2677 261 2720 diversa
297 2679 437 2735 ipsum
473 2682 668 2732 sensisse,
714 2699 801 2723 non
850 2699 950 2723 vero
991 2684 1196 2738 perversis
1237 2684 1507 2739 opinionibus

98 2755 340 2810 neutiquam
381 2759 625 2800 adhaesisse.
698 2761 754 2800 At
793 2777 879 2801 non
920 2760 1043 2800 aliam
1083 2771 1221 2800 tamen
1258 2759 1507 2814 protegendi

99 2832 336 2873 Adamantii
367 2836 702 2877 commodiorem
744 2837 850 2877 viam
893 2835 1081 2877 insistere
1120 2852 1161 2875 se
1195 2835 1352 2889 putavit
1386 2835 1506 2875 Pam-
