1759 3125
247 54 332 101 302
662 54 802 96 Perm
840 54 1055 96 DAmssms
1085 55 1250 96 HUErn

250 168 569 210 conversionem
601 167 768 220 angelus
799 166 933 207 anima
961 166 1158 217 efficitur,
1190 167 1377 224 ejusdem
1410 167 1568 223 quippe
1600 184 1671 209 na-

250 259 368 287 turae
403 257 517 297 sunt3
555 245 630 285 sed
668 261 746 300 per
785 243 917 284 officii
955 229 1358 294 ⁴commutationem,
1402 258 1440 285 ct
1481 246 1593 301 quasi
1629 246 1671 286 in

247 323 363 366 aliud
394 322 658 364 domicilium
698 320 1008 373 migrationem.
1070 321 1156 362 Sed
1197 333 1238 361 et
1278 323 1402 362 Tom.
1436 323 1594 368 XVIII,
1627 322 1669 362 in

248 403 397 442 Joann.
430 417 543 440 num.
577 399 642 442 ὃὸ.
676 399 909 439 existimare
941 413 984 436 se
1016 397 1100 446 ait,
1142 397 1359 440 divinitate
1398 401 1498 440 Jesu
1530 411 1672 454 stupe-

249 480 382 519 factos
413 477 620 533 quosdam
637 492 658 516 e
684 474 975 523 daemonibus,
1005 474 1264 529 poenitentia
1289 476 1438 517 ductos
1460 477 1511 517 ad
1533 477 1671 532 ipsum

250 555 508 608 confugisse,
545 554 702 609 quippe
735 552 806 608 qui
838 550 1002 592 virtutis
1035 551 1276 607 capaciores
1307 552 1410 603 sint,
1442 570 1564 609 quam
1596 554 1672 594 lio-

248 634 403 686 mines3
437 649 533 673 cum
563 630 789 687 spiritualis
819 640 990 669 naturae
1021 628 1124 680 sint,
1164 628 1356 670 homines
1387 646 1488 670 vero
1521 646 1673 685 corpo-

247 728 365 763 reae,
405 723 447 752 et
488 707 711 750 crassioris.
776 704 989 761 Imprimis
1033 721 1134 746 vero
1182 706 1344 760 perlegi
1384 706 1512 746 velim
1551 708 1670 747 locos

249 789 446 842 Origenis
490 788 541 827 ab
590 785 853 842 Hieronymo
904 784 1152 839 depromtos
1196 783 1316 839 epist.
1357 784 1426 827 59.
1464 785 1515 824 ad
1558 784 1670 825 Avit.

249 885 337 923 cap.
370 865 423 915 1.,
452 864 494 905 in
527 862 678 919 quibus
707 859 882 902 rationis
919 859 1146 916 participes
1183 872 1352 902 naturas
1381 861 1669 919 jumentorum

248 943 497 1000 corporibus
539 939 728 992 colligari
764 949 946 994 propter
984 937 1138 979 delicta
1180 938 1348 991 asserit3
1399 941 1668 989 daemonum,

246 1023 481 1072 hominum,
514 1017 846 1071 angelorumque
875 1027 1042 1056 naturas
1074 1016 1201 1056 simul
1233 1016 1464 1071 permutari
1495 1033 1543 1058 ac
1573 1034 1669 1073 per—

246 1099 436 1150 misceri;
466 1097 651 1138 siderum
681 1094 872 1150 ipsorum
904 1093 1083 1143 animas,
1123 1105 1275 1148 utpote
1307 1094 1470 1134 ratione
1501 1094 1668 1149 praedi-

244 1193 321 1230 tas,
356 1179 412 1218 ob
443 1185 614 1232 peccata
645 1172 707 1211 his
738 1169 865 1210 fuisse
895 1169 1110 1226 adjunctas
1143 1171 1414 1226 corporibus,
1462 1187 1568 1226 quae
1599 1171 1666 1211 vel

246 1259 356 1314 plus,
386 1254 454 1294 vel
485 1252 623 1292 minus
654 1250 836 1297 luceant,
866 1258 996 1302 prout
1021 1258 1134 1286 recte
1154 1248 1222 1286 vel
1243 1247 1353 1286 male
1375 1263 1418 1287 se
1440 1260 1666 1299 gesserunt.

358 1331 491 1385 Quod
521 1340 660 1368 autem
691 1324 837 1365 scribit
873 1323 1136 1379 Epiphanius
1176 1324 1217 1364 in
1250 1324 1435 1381 Synopsi
1473 1324 1602 1365 Tomi
1634 1327 1664 1367 l.

243 1412 316 1453 lib,
347 1410 385 1451 2.
419 1423 510 1462 cap.
547 1404 635 1453 18,
681 1402 874 1443 docuisse
916 1401 1145 1452 Origenem
1189 1401 1396 1442 desituros
1440 1402 1666 1458 aliquando

243 1487 427 1541 angelos,
455 1483 516 1525 sic
540 1480 865 1532 intelligendum
885 1490 956 1529 est,
988 1478 1173 1518 suturam
1194 1478 1295 1518 olim
1314 1496 1452 1519 rerum
1476 1481 1665 1521 omnium

246 1563 569 1607 conversionem
611 1570 653 1599 et
690 1554 1092 1606 ἀποκατάστασιν,
1133 1556 1404 1612 reditui-aque
1446 1559 1498 1598 ad
1527 1558 1666 1614 pristi-

241 1661 344 1685 num
374 1652 527 1683 statum
561 1636 714 1686 omnia,
746 1635 1001 1690 angelosque
1032 1634 1154 1683 aden,
1185 1650 1231 1674 ac
1252 1635 1478 1675 daemones
1510 1636 1663 1676 eodem

242 1713 407 1763 futuros
438 1721 559 1767 loco,
601 1731 685 1771 quo
725 1715 920 1762 fuerunt,
960 1723 1183 1768 antequam
1225 1711 1450 1752 virtutibus
1482 1713 1565 1753 suis
1596 1713 1664 1753 vel

241 1797 426 1856 peccatis
456 1796 509 1836 ad
539 1793 800 1846 angelorum,
833 1791 1143 1830 daemonumve
1166 1801 1354 1829 naturam
1383 1788 1551 1846 adjungi
1575 1807 1662 1830 rne-

242 1878 433 1917 ruissent.
490 1873 624 1913 Recte
654 1870 698 1910 id
725 1869 840 1926 juxta
872 1866 1067 1920 Origenis
1104 1867 1352 1908 sententiam
1384 1867 1559 1922 exponit
1587 1869 1663 1908 Ju-

240 1953 440 1995 stinianus
479 1951 522 1991 in
554 1948 734 2004 epistola
763 1947 814 1987 ad
856 1944 1043 2001 quintam
1081 1945 1312 2002 synodum,
1362 1960 1485 1998 quam
1515 1945 1662 1984 recitat

242 2031 472 2071 Cedrenus.

353 2106 448 2147 XV.
505 2104 808 2143 Verumtamen
846 2098 1082 2155 perspicuis
1126 2097 1227 2138 licet
1265 2109 1305 2137 et
1335 2096 1569 2139 illustribus
1600 2110 1660 2139 te-

239 2182 446 2226 stimoniis
478 2179 754 2220 deliramenta
794 2176 1003 2234 ejusmodi
1040 2175 1314 2216 Adamantius
1351 2191 1475 2230 saepe
1513 2175 1661 2231 prodi-

244 2263 365 2311 derit,
396 2258 621 2314 aliquando
652 2267 811 2304 tamen,
858 2253 974 2309 quasi
1008 2252 1252 2308 Penelopae
1292 2251 1421 2292 telam
1451 2264 1656 2303 retexens,

240 2339 384 2396 priora
415 2336 582 2376 videtur
609 2344 846 2374 retractare.
918 2327 1023 2372 side
1062 2341 1197 2385 ergo,
1247 2329 1384 2384 inquit
1424 2330 1585 2371 Homil.
1618 2333 1656 2374 2.

240 2420 283 2459 in
313 2415 447 2457 Levit.
476 2430 591 2454 num.
622 2410 677 2460 3.,
706 2422 763 2450 ne
795 2407 920 2454 forte
947 2406 1094 2455 Iesus,
1126 2418 1254 2462 quem
1283 2406 1458 2448 Paulus
1476 2407 1512 2463 ¹)
1545 2406 1657 2449 dicit

238 2493 508 2551 pacificasse
541 2502 628 2545 per
664 2488 940 2542 sanguinem
981 2497 1113 2525 sunm
1159 2496 1249 2523 nou.
1287 2484 1429 2524 solnm
1461 2497 1577 2539 qnae
1607 2487 1654 2526 in

243 2572 396 2622 tert-ss,
426 2565 509 2609 secl
535 2574 579 2608 et
610 2578 724 2621 qnae
755 2567 800 2605 -ίη
835 2563 967 2605 coelc‘s
998 2568 1129 2616 sunt,
1170 2560 1289 2602 idem
1329 2564 1421 2617 ipse
1450 2564 1510 2603 sit
1538 2565 1656 2603 vitu-

241 2651 324 2705 lus,
355 2649 434 2704 qm·
458 2648 503 2687 z'n
537 2644 669 2685 coelis
699 2640 875 2698 quidem
907 2653 994 2681 non
1022 2652 1108 2696 pro
1135 2646 1349 2695 peccam,
1387 2636 1469 2679 sed
1495 2646 1541 2680 et
1565 2629 1651 2694 pro

360 2802 398 2856 ¹)
431 2798 593 2841 Coloss.
628 2797 657 2849 l,
689 2794 754 2838 20.
