1759 3125
458 113 842 155 Omonsmxonum
873 111 1017 151 Lmen
1049 109 1103 151 11.
1396 106 1478 151 3⁰9

61 229 222 267 tionem
253 225 336 265 alio
370 241 491 265 sensu
523 224 763 280 usurpavit:
801 223 845 264 id
876 222 988 263 enim
1019 220 1099 262 sibi
1130 217 1278 268 voluit,
1309 230 1474 260 naturas

60 304 174 356 illas,
207 319 310 358 quae
339 301 523 354 angelica
564 301 762 354 dignitate
800 301 1021 349 fruuntur,
1060 313 1147 338 non
1185 295 1231 336 id
1271 295 1470 336 natalium

57 380 148 438 jure
178 380 304 420 fuisse
337 390 602 428 consecutas,
639 379 712 419 sed
744 376 967 419 virtutibus
996 374 1079 416 suis
1106 373 1231 414 fuisse
1263 371 1471 428 promeri-

55 469 126 497 tas.
194 456 350 497 Subdit
388 455 540 496 deinde
586 454 793 496 Isidorus:
847 452 1093 506 Unicuique
1141 452 1307 500 etiam,
1350 450 1470 489 sicut

47 530 338 589 praedictum
377 540 466 585 est,
500 534 696 589 propria
737 530 897 588 officia
933 534 1041 571 sunt
1075 527 1315 583 injuncta,
1353 537 1467 581 quae

51 621 123 650 eos
166 612 473 665 promeruisse
519 612 567 652 in
616 607 779 651 mundi
823 612 1005 650 constat
1049 600 1252 646 exordio.
1335 602 1467 643 Plane

44 685 344 744 Ὠριγενικῶς.

162 764 301 805 XVII.
360 766 450 806 Nec
490 764 697 818 suffragiis
735 764 892 814 modo,
932 762 1005 804 sed
1035 760 1198 802 ratione
1229 755 1355 798 etiam
1384 771 1465 810 pu-

49 855 171 892 gnare
210 853 355 896 potest
383 842 610 896 Origenes,
659 853 700 882 et
738 841 877 897 aliqua
925 839 1072 883 saltem
1121 834 1338 877 doctrinae
1365 846 1463 872 suae

51 917 183 973 capita
215 919 455 961 defendere.
513 922 620 962 Nam
651 918 848 960 ordinum
889 929 930 959 et
959 917 1165 970 graduum
1201 912 1297 961 illa,
1338 925 1464 966 quam

51 994 156 1047 dixi,
194 996 449 1051 permutatio
482 1009 650 1039 eatenus
679 995 847 1038 admitti
884 1005 1049 1050 potest,
1085 992 1118 1034 si
1148 1000 1312 1032 servato
1343 997 1463 1028 natu-

48 1089 187 1113 rarum
226 1072 269 1114 in
313 1073 554 1115 hominibus
592 1086 633 1115 et
662 1073 816 1127 angelis
857 1071 1119 1120 discrimine,
1161 1066 1354 1109 homines
1384 1079 1462 1120 per

45 1150 231 1202 gratiam,
261 1167 406 1207 parem
437 1151 592 1204 angelis
622 1149 894 1192 beatitudinis
925 1160 966 1190 et
986 1146 1142 1201 gloriae
1163 1145 1337 1197 gradum
1359 1156 1460 1182 con-

46 1227 163 1283 sequi
194 1245 316 1284 posse
349 1229 546 1270 dicamus.
605 1229 766 1269 Probat
800 1239 940 1269 autem
977 1224 1092 1266 istud
1131 1220 1342 1275 angelicus
1382 1218 1458 1258 do—

48 1315 140 1345 ctor
169 1317 275 1360 part.
307 1305 344 1349 1.
377 1318 533 1362 quaest.
566 1305 661 1349 108.
693 1305 809 1346 artic.
833 1304 889 1356 8.,
920 1314 1044 1359 atque
1074 1300 1183 1341 illud
1214 1313 1300 1339 esse
1331 1294 1458 1345 dicit3

44 1382 260 1423 Homines
313 1381 378 1424 ad
417 1380 598 1424 ordines
643 1382 919 1438 angelorum
962 1379 1145 1421 assumi.
1211 1373 1324 1416 Huic
1354 1387 1454 1412 vero

42 1458 291 1516 Hieronymi
330 1458 631 1509 criminationi,
683 1475 764 1516 qua
814 1475 863 1500 eo
911 1471 1180 1513 progressum
1228 1450 1457 1503 origenem

46 1536 255 1591 queritur,
293 1549 340 1577 ut
379 1536 553 1577 rationis
592 1536 819 1593 participes
850 1535 1007 1577 animas
1035 1534 1078 1574 in
1108 1534 1329 1573 brutorum
1362 1542 1456 1567 cor-

42 1628 146 1667 pora
183 1614 354 1654 devolvi
393 1615 586 1670 opinatus
625 1613 701 1665 sit,
740 1613 904 1670 opponi
940 1621 1085 1668 posset
1122 1609 1230 1650 illud
1263 1604 1456 1658 Origenis

41 1690 331 1731 testimonium
363 1708 384 1731 e
415 1692 508 1732 libr.
541 1693 577 1734 1.
610 1695 714 1749 περὶ
746 1691 923 1748 ἀρχῶν,
956 1706 1045 1745 cap.
1077 1688 1117 1730 7.
1146 1702 1262 1727 num.
1293 1683 1344 1733 4.,
1373 1679 1454 1722 nisi

42 1766 185 1807 Rufini
215 1767 456 1824 interpretis
487 1770 614 1810 dubia
644 1782 751 1810 esset
785 1768 907 1809 fides:
938 1766 1029 1811 Illa
1046 1777 1157 1806 Seme
1181 1775 1261 1804 uos
1285 1769 1455 1815 nequa-

39 1856 174 1900 quam
204 1845 466 1901 recipienda
497 1859 746 1898 censemus,
786 1858 900 1901 quae
939 1852 984 1886 et
1024 1856 1054 1885 a
1084 1836 1352 1898 quibusdam
1380 1848 1454 1878 su-

34 1921 212 1977 perfluo
250 1923 320 1965 vel
356 1926 551 1979 requiri,
588 1924 663 1966 vel
695 1922 883 1966 adserui
913 1921 1085 1975 solent,
1127 1916 1178 1962 z'd
1202 1923 1292 1971 est,
1336 1909 1454 1970 quod

43 2001 226 2041 animae
261 2003 310 2041 in
351 2008 535 2042 tantum
563 2002 638 2042 suz‘
670 1998 898 2043 decessum
926 1999 1139 2048 veniant,
1167 2001 1219 2036 ut
1248 1998 1452 2035 naturae

41 2077 286 2119 rationulis
318 2090 375 2119 ac
403 2075 652 2133 dignitatis
683 2075 865 2127 oblitae,
895 2078 1039 2119 etiam
1068 2076 1117 2116 in
1147 2070 1356 2117 ordinem
1385 2070 1449 2110 z'r-

39 2155 388 2196 rationabilium
419 2155 799 2211 anz‘mante‘um‚¹)
830 2154 902 2197 vel
930 2151 1192 2204 bestiarum,
1221 2148 1294 2191 vel
1315 2159 1449 2204 pecu-

40 2228 147 2272 dum
178 2229 564 2274 devolvantur....
617 2233 744 2284 Quae
782 2245 863 2274 nos
893 2244 984 2273 non
1014 2230 1159 2273 solum
1189 2241 1279 2270 non
1308 2225 1446 2268 susci-

0 2337 4 2369 7
37 2309 181 2363 pimus
190 2325 206 2357 ;
234 2306 315 2350 sed
342 2316 389 2350 et
420 2322 570 2352 omnes
600 2309 684 2352 llas
713 2311 989 2352 assertiones
1016 2320 1174 2350 eorum
1199 2310 1364 2348 contra
1392 2301 1447 2353 fi-

0 2386 3 2414 'v
38 2381 137 2425 dem
178 2391 386 2427 nostram
431 2388 658 2429 venientes
692 2387 954 2442 refutamus
1000 2393 1136 2442 atque
1184 2382 1447 2439 respuimus.

0 2451 1 2464 ³
42 2462 177 2517 Atque
205 2462 306 2503 haec
337 2463 593 2505 enucleatius
620 2480 924 2521 persequemur
953 2463 1082 2513 infra,
1122 2478 1216 2503 cum
1249 2459 1446 2512 origenis

0 2591 1 2604 ἵ
39 2537 90 2578 de
119 2538 477 2596 Metempsychosi
507 2542 761 2582 documenta
789 2540 1078 2582 scrutabimur.

148 2615 209 2655 Ex
239 2617 525 2671 superioribus
559 2619 798 2660 Adamantii
837 2619 945 2660 circa
978 2616 1154 2671 angelici
1192 2615 1353 2658 arbitrii
1391 2614 1442 2655 li-

0 2686 259 2743 'bertatcm,
312 2705 351 2734 et
402 2694 630 2737 etiamnum
674 2708 1011 2752 perseverantem
1057 2697 1165 2738 bene
1215 2694 1283 2736 vel
1331 2694 1441 2735 male

157 2850 195 2905 ¹)
226 2850 333 2894 Edd.
366 2854 533 2898 Huetii:
563 2857 846 2901 animalium.
