1759 3125
462 105 867 159 JOmGEMANomm
896 106 1038 148 ann
1059 107 1111 148 ΙΙ.
1407 105 1488 148 117

76 215 173 255 Deo
205 215 463 270 apertissime
493 228 741 269 segregatur.
790 217 976 258 Demum
993 227 1092 272 post
1121 217 1289 267 longam
1318 215 1379 255 rei
1407 215 1484 256 hu-

75 290 138 347 jus
167 292 461 347 probationem
491 294 550 335 sic
581 295 707 334 habet
735 311 850 335 num.
880 294 920 336 5.
998 292 1137 336 Omm'
1161 293 1311 348 figitur
1337 304 1483 342 sensu,

76 371 154 423 qui
179 381 441 425 corporeum
472 369 659 426 aliquod
684 370 738 413 de
754 372 853 414 Deo
871 371 1075 427 intelligi
1090 370 1316 426 suggerit,
1341 375 1484 424 prout

71 447 314 501 potuimus,
347 447 604 503 confutato,
634 446 822 490 dicimus
844 446 1091 490 secundum
1119 448 1361 489 veritatem
1390 447 1482 499 qui-

74 520 173 564 dem
204 522 354 564 Deum
382 523 877 580 incomprehensibilem
922 532 1058 580 atque
1087 522 1480 566 maestimabilem.

72 598 241 639 Deinde
271 616 386 642 num.
415 599 477 642 6.:
508 600 610 642 Non
638 614 750 657 ergo
782 610 866 643 aut
896 614 1058 658 corpus
1089 597 1284 655 aliquod,
1318 605 1400 640 aut
1429 600 1477 639 in

74 689 258 732 corpore
286 690 379 719 esse
404 676 641 733 putandus
669 686 735 719 est
765 678 907 733 Deus,
937 676 1019 720 sed
1044 675 1367 718 intellectualis
1396 687 1479 716 na-

72 759 183 794 tura
211 754 424 809 simplex,
464 752 583 795 nihil
610 756 789 796 omnino
821 758 867 797 in
899 768 944 797 se
975 753 1283 808 adjunctionis
1312 750 1478 792 admit-

68 837 187 880 iens,
227 832 381 871 utine
410 832 560 887 majus
588 829 766 886 aliquid
791 838 835 873 et
866 831 1063 886 inferius
1081 833 1118 887 ¹)
1158 833 1203 872 in
1235 843 1280 872 se
1312 826 1480 870 habere

70 906 313 956 credulum
341 905 423 949 sed
444 914 495 949 ut
514 908 574 949 sit
603 920 665 949 ex
694 911 821 950 omni
835 915 977 964 parte
1000 906 1161 964 μονάς,
1192 914 1250 957 et,
1267 906 1308 961 ²)
1339 912 1389 946 ut
1410 906 1481 945 ita

71 982 242 1034 dicam,
274 983 390 1035 ἑιίἑς,
421 991 467 1026 et
495 997 645 1039 mens,
678 997 733 1025 ac
749 984 886 1039 fons,
917 998 978 1027 ex
1009 998 1094 1040 quo
1125 986 1306 1025 initium
1339 982 1478 1022 totius

69 1061 391 1103 intellectuales
408 1068 624 1114 naturae,
654 1060 727 1103 vel
741 1063 905 1102 mentis
935 1069 1023 1103 est:
1058 1073 1096 1102 et
1129 1077 1217 1116 cap,
1236 1059 1274 1102 6.
1305 1057 1474 1099 num.4.

69 1137 215 1181 Solius
245 1138 359 1188 Dei,
391 1135 443 1179 id
469 1145 558 1188 est,
588 1138 747 1180 Patris
776 1145 821 1179 et
850 1138 982 1192 Filii,
1022 1145 1069 1179 et
1096 1136 1294 1193 Spiritus
1323 1135 1479 1176 sancti

68 1222 269 1256 naturae
296 1213 348 1256 id
369 1216 608 1271 proprium
637 1221 726 1265 est,
771 1222 826 1256 ut
861 1218 958 1257 sine
999 1213 1238 1256 materiali
1262 1212 1475 1253 substau-

69 1293 149 1342 tia,
181 1299 226 1333 et
255 1292 420 1347 absque
460 1291 559 1332 ulla
589 1303 833 1347 corporeae
863 1290 1132 1348 adjectionis
1161 1292 1378 1332 societate
1407 1290 1474 1329 in-

69 1369 316 1424 tellegatur
345 1369 611 1410 subsistere:
645 1380 688 1409 et
717 1369 814 1412 libr.
847 1370 886 1413 2.
920 1385 1007 1424 cap.
1031 1369 1071 1410 2.
1101 1384 1215 1408 num.
1231 1367 1269 1409 2.
1327 1364 1474 1407 Solius

67 1458 261 1500 namque
295 1444 542 1487 Trinitatis
569 1446 839 1501 incorporea
867 1448 964 1488 vita
988 1446 1209 1487 exsistere
1239 1448 1362 1483 recte
1388 1452 1472 1496 pu-

69 1520 267 1564 tabitur:
301 1534 340 1563 et
370 1522 465 1567 libr.
492 1522 532 1564 4.
564 1538 655 1578 cap.
671 1523 710 1566 2.
741 1540 855 1564 num.
873 1522 944 1565 27.
1002 1521 1092 1562 Illa-
1123 1532 1227 1562 vero
1256 1519 1466 1560 substan-

62 1771 204 1829 gredi
230 1773 404 1823 nolunt,
433 1780 478 1814 et
495 1773 702 1829 Januam
732 1784 788 1815 ne
810 1771 999 1827 pulsant
1023 1769 1212 1827 quidem,
1236 1771 1470 1826 possintne

57 1846 263 1901 probare
292 1843 542 1886 Dominum
570 1844 743 1892 Deum,
793 1843 870 1896 qui
906 1842 1075 1883 coelum
1104 1849 1149 1882 et
1181 1848 1358 1882 terram
1387 1841 1468 1880 im-

59 1915 181 1970 plet,
213 1915 306 1965 cui,
337 1919 390 1953 ut
417 1914 506 1968 ipsi
531 1914 826 1961 existimant,
863 1911 1032 1952 coelum
1063 1910 1312 1966 corporalis
1344 1907 1466 1950 thro-

63 1997 147 2026 nus
174 1990 256 2038 est,
287 1989 334 2024 et
363 1989 495 2023 terra
522 1981 768 2023 scabellum
793 1979 959 2036 pedum
990 1982 1106 2035 ejus,
1133 1988 1231 2022 tam
1264 1977 1399 2028 brevi,
1429 1980 1471 2018 si

63 2068 163 2096 cum
191 2056 398 2095 mu'verso
429 2052 546 2093 coelo
577 2058 623 2093 et
654 2059 784 2092 terra
803 2049 1101 2104 conferatur,
1120 2051 1212 2092 loco
1228 2050 1466 2098 contineri,

64 2127 133 2166 ita
162 2131 215 2165 ut
244 2136 372 2179 quem
400 2120 490 2164 sibi
500 2121 702 2176 fingunt
731 2133 995 2176 corporeum
1022 2119 1308 2176 paradisum,
1337 2119 1465 2161 Deus

65 2207 154 2236 non
183 2194 393 2249 impleat,
422 2189 504 2232 sed
528 2193 566 2231 is
596 2197 781 2231 tantum
810 2189 1131 2246 magnitudine
1161 2189 1379 2242 excedat,
1411 2196 1460 2230 ut

64 2267 203 2306 etiam
231 2262 602 2304 deambulantem
632 2263 890 2313 contineat,
927 2273 1145 2316 son-usque
1169 2260 1363 2316 plantae
1385 2272 1464 2314 pe-

65 2333 170 2376 dum
197 2334 293 2389 ejus
331 2329 566 2373 audiatur.
623 2330 680 2371 Et
715 2331 846 2372 infra:
886 2331 1013 2373 Haec
1043 2344 1198 2388 pauca
1236 2343 1296 2371 ex
1325 2330 1471 2370 veteri

72 2405 359 2448 Testamento
391 2400 636 2458 adJecimus
675 2402 798 2455 loca,
841 2415 954 2457 quae
980 2409 1210 2457 putantur
1238 2400 1388 2442 Deum
1416 2400 1463 2438 in

67 2475 160 2516 loco
193 2475 486 2515 constituere:
527 2478 578 2512 ut
618 2471 777 2513 lectori
813 2473 937 2512 omni
971 2469 1098 2512 modo
1130 2484 1216 2526 pro
1256 2481 1464 2511 concessa

68 2545 194 2585 nobis
211 2542 454 2597 facultate
475 2540 852 2598 persuadeamus,
884 2541 1100 2583 altioriet
1116 2539 1352 2597 spirituali
1368 2550 1464 2580 ma-

64 2616 139 2669 gis
165 2625 296 2654 sensu
323 2624 506 2654 sacram
535 2614 741 2668 accipere
767 2612 1078 2667 Scripturam,
1109 2624 1210 2651 cum
1238 2607 1465 2651 videbitur

69 2686 116 2725 in
147 2683 238 2724 loco
269 2683 417 2723 Deum
446 2695 538 2723 esse
568 2680 738 2723 docere.
769 2682 820 2722 R.

181 2752 222 2807 ¹)
253 2751 359 2791 Edd.
390 2751 557 2792 Huetii:
588 2750 785 2805 inferius
813 2763 906 2792 esse
935 2749 1171 2792 credatur.

183 2821 228 2876 ²)
256 2820 365 2863 Edd.
396 2820 559 2861 Huetii:
589 2827 634 2862 et
660 2827 710 2863 ut
731 2823 801 2863 ita-
819 2818 968 2863 dicam
987 2826 1108 2862 totus
1124 2832 1247 2861 mens
1265 2831 1320 2860 ac
1331 2816 1459 2871 som.
