1759 3125
458 105 849 146 Omossumuonum
887 106 1027 146 Lmen
1060 105 1091 146 Ι.
1428 99 1483 146 85

66 216 214 256 iisdem
247 214 498 272 conjungere
530 216 793 272 temporibus
810 216 1093 271 Apellitarum
1123 213 1479 269 profligationem,

66 309 171 347 quos
200 308 277 347 per
307 292 527 334 Orientem
565 305 791 346 grassantes
829 293 1017 334 coercuit
1057 291 1282 344 Origenes,
1320 301 1358 330 ct
1399 306 1478 345 per

62 368 241 421 singulas
273 385 458 425 quasque
488 371 612 411 urbes
643 370 867 411 insectatus
904 369 1179 410 concionibus
1207 365 1419 424 repressit.

450 689 673 732 CAPUT
723 690 1084 745 QUARTUM.

59 805 92 845 I.
150 804 372 859 Philippus
410 803 641 858 imperator
679 803 942 846 interficitur.
1007 804 1271 855 Subrogatur
1298 799 1471 841 Decius.

58 879 248 935 Septima
286 880 538 934 persecutio.
614 880 669 920 ll.
710 880 914 932 Origenes
952 897 1031 937 pro
1073 879 1241 922 Christo
1279 875 1470 931 gravissi-

57 973 149 998 mos
180 957 384 998 cruciatus
423 956 611 997 sustinet.
669 957 745 998 ΠΙ.
779 958 951 999 Librum
991 959 1043 998 de
1082 955 1283 1014 martyrio
1325 952 1472 995 scribit

58 1035 110 1074 ad
152 1051 248 1074 eum
277 1033 509 1093 Dionysius
541 1034 856 1077 Alexandrinus.
925 1036 996 1076 lV.
1029 1034 1223 1086 Origenis
1248 1030 1468 1073 modestia.

56 1111 208 1151 Utrum
240 1112 292 1151 ad
322 1111 539 1152 vitandum
570 1110 793 1166 Aethiopis
821 1123 1012 1167 stuprum
1038 1111 1191 1153 Christi
1221 1111 1351 1151 fidem
1383 1107 1470 1165 eju-

56 1189 177 1240 rarit,
219 1200 260 1229 et
289 1205 373 1245 quo
404 1189 447 1229 id
477 1201 671 1243 tempore
703 1188 938 1240 contigerit.
998 1191 1047 1231 V.
1081 1188 1314 1240 Castigatur
1345 1186 1471 1227 Criti-

58 1283 204 1306 corum
242 1266 548 1307 nonnullorum
587 1264 813 1306 temeritas.
882 1267 955 1307 VI,
985 1267 1162 1307 RIortuo
1202 1264 1340 1306 Decio
1381 1262 1471 1303 vin-

59 1343 160 1383 culis
190 1343 369 1384 solvitur
400 1343 616 1394 Origenes.
675 1342 814 1382 Decio
855 1345 1085 1384 succedunt
1123 1343 1270 1384 Gallus
1312 1354 1351 1382 et
1380 1342 1468 1382 Vo-

58 1421 253 1462 lusianus.
314 1421 406 1462 Vll.
442 1419 547 1461 Obit
588 1419 791 1472 Origenes
829 1437 941 1461 anno
981 1420 1125 1461 aetatis
1156 1420 1222 1462 69.
1283 1420 1468 1459 Pereunt

58 1497 206 1538 Gallus
236 1509 277 1538 et
307 1496 578 1540 Volusianus.
634 1498 748 1538 VlII.
779 1496 977 1548 Elogium
1020 1496 1228 1548 Origenis.
1287 1496 1361 1536 IX.
1393 1496 1468 1536 Se-

58 1575 214 1630 pelitur
244 1574 358 1632 Tyri.
417 1575 532 1614 Vana
565 1574 616 1613 de
659 1573 746 1628 ejus
785 1574 917 1614 salute
950 1573 1137 1629 quaestio
1169 1571 1468 1628 praetermitti-

309 1663 389 1692 tur.
449 1651 502 1690 X.
535 1648 670 1705 Ipsius
701 1649 900 1706 discipuli
929 1662 1212 1691 recensentur.

172 1764 203 1804 Ι.
264 1761 496 1819 Triplicem
528 1764 566 1818 ¹)
597 1763 722 1814 hanc,
772 1780 898 1819 quam
935 1764 1128 1819 proxime
1161 1778 1468 1803 commemora-

57 1840 205 1890 vimus,
234 1841 428 1881 adversus
458 1852 764 1881 succrescentes
802 1840 991 1881 haereses
1032 1838 1320 1880 velitationem
1350 1838 1466 1879 vide-

57 1930 126 1957 tur
155 1917 358 1969 Origenes
389 1918 619 1958 exercuisse
650 1917 876 1973 postremis
912 1917 1079 1972 imperii
1109 1916 1298 1972 Philippi
1328 1916 1465 1967 annis;

57 1993 128 2049 qui
145 1995 185 2048 ²)
218 2011 313 2034 cum
342 1995 568 2050 septimum
598 1994 680 2052 jam
709 2011 863 2034 annum
902 2011 1043 2035 rerum
1072 1994 1303 2050 potiretur,
1342 1992 1467 2033 Decii

59 2072 203 2112 fraude
234 2073 424 2112 Veronae
465 2073 516 2112 ab
556 2071 740 2112 exercitu
781 2070 1025 2113 interfectus
1066 2083 1139 2114 est.
1205 2072 1467 2125 Subrogatur

178 2255 217 2309 ¹)
251 2254 337 2295 Cfr.
367 2254 520 2295 Euseb,
554 2253 660 2295 Hist.
692 2254 840 2294 eccles.
870 2253 941 2294 lib.
977 2254 1048 2294 Vl.
1081 2270 1170 2309 cap.
1202 2252 1269 2297 39.

174 2325 217 2380 ²)
253 2325 426 2379 Septem
457 2323 572 2364 annis
608 2324 839 2376 regnavisse
875 2323 1122 2378 Philippum
1161 2322 1308 2363 scribit
1338 2322 1467 2362 Euse-

59 2380 168 2429 hius,
213 2397 336 2436 quem
367 2393 598 2435 sequuntur
628 2380 1113 2444 ()1osius‚Eutychius‚
1160 2379 1464 2430 Albufaragius,

63 2437 269 2488 Georgius
300 2437 532 2501 syncellus,
564 2436 847 2491 Epiphanius,
878 2449 919 2477 et
946 2436 1179 2491 Nicephori
1211 2435 1465 2476 Ch10nicon.

62 2494 144 2533 Sed
178 2510 225 2532 ex
258 2493 470 2533 Chronico
494 2493 793 2541 Alexand1ino,
822 2504 1005 2548 utroque
1022 2493 1210 2541 Victore,
1238 2491 1465 2547 Eutropio,

48 2549 242 2597 ·Zona1·‚a
273 2550 590 2589 numismatibus
619 2549 833 2604 plurimis,
865 2550 1024 2591 Codice
1053 2548 1313 2602 Justiniano‚
1346 2560 1386 2588 et
1418 2565 1464 2588 cx

63 2605 154 2644 aliis
185 2605 501 2646 auctoritatibus
530 2618 619 2646 tum
650 2606 842 2661 antiquis,
873 2617 963 2646 tum
992 2604 1312 2652 recentioribus,
1346 2605 1464 2659 quin-

64 2676 143 2723 que
175 2661 369 2701 duntaxat
410 2679 539 2702 annos
581 2673 621 2702 et
660 2678 822 2702 menses
852 2661 1052 2718 aliquot
1042 2677 1268 2717 imperasse
1299 2660 1465 2701 videtur

62 2715 305 2780 Philippus,
346 2718 396 2757 ab
426 2734 534 2758 anno
571 2717 732 2758 scilicet
761 2718 858 2761 244.
897 2720 949 2759 ad
987 2735 1140 2758 annum
1170 2717 1288 2766 249,
1326 2732 1409 2785 (11¹0
1441 2731 1464 2754 ὃ

64 2771 201 2812 Decio
234 2772 391 2813 occisus
423 2785 494 2814 est.
554 2774 663 2814 Vide
693 2774 941 2815 ‘lillemonh
981 2774 1091 2816 Hist.
1120 2774 1311 2830 imperat.
1349 2772 1464 2812 lom

63 2828 138 2870 ΙΙΙ.
168 2839 255 2868 not.
288 2827 329 2868 in
361 2829 562 2872 Goidian.
596 2830 709 2872 etin
739 2830 924 2886 Philipp.
958 2831 1007 2872 R.
