1759 3125
259 67 343 112 204
673 73 814 116 Pss'rm
850 74 1066 116 DAmEms
1097 75 1263 119 Huss‘rn

262 182 488 236 donorum,
519 184 584 225 vel
617 186 908 239 donationum,
937 185 1051 229 idem
1085 201 1225 230 autem
1256 187 1460 244 Spiritus:
1501 199 1542 228 et
1572 186 1678 228 divi-

260 258 398 300 siones
427 273 523 301 sunt
553 262 896 316 ministeriorum,
928 265 1042 306 idem
1073 278 1213 307 autem
1240 266 1474 308 Dominus:
1499 277 1541 306 et
1572 265 1678 306 divi-

259 335 398 377 siones
430 340 726 393 operationum
756 354 864 392 sunt,
895 342 1008 382 idem
1040 355 1179 384 autem
1211 344 1342 395 Deus,
1374 343 1445 399 qui
1477 354 1677 398 operatur
1731 343 1733 345 ¹

262 414 403 454 omnia
432 414 474 455 in
506 417 714 460 omnihus.
773 418 1013 475 Unicuique
1052 431 1193 461 autem
1231 421 1353 461 datur
1391 418 1675 461 manifestatio

260 491 445 546 Spiritus
475 496 706 535 secundum
747 494 790 536 id
831 497 947 551 quod
987 497 1200 553 expedit.“
1255 497 1337 540 Ex·
1366 510 1448 553 quo
1477 495 1677 549 manife-

256 571 451 612 stissime
481 568 778 627 designatur,
816 571 936 627 quod
971 574 1103 615 nulla
1139 581 1208 616 est
1243 575 1292 615 in
1337 573 1569 615 Trinitate
1611 570 1677 614 di-

257 647 437 697 scretio,
465 648 549 690 sed
575 649 672 704 hoc,
703 648 824 706 quod
849 649 1018 692 donum
1045 651 1247 707 Spiritus
1276 649 1504 706 dicitur-¹)
1542 651 1677 691 me‘ni-

255 729 442 765 stratur
467 739 553 781 per
580 726 771 779 Filiam,
803 735 850 769 et
877 730 1152 784 inoperatur
1174 741 1262 785 per
1292 729 1444 771 Deum
1475 727 1676 770 Patrem.

259 800 442 850 „Omnia
459 803 500 858 ²)
541 815 681 844 autem
714 816 914 860 operatur
942 822 1049 847 unus
1078 818 1203 862 atque
1234 807 1348 847 idem
1377 805 1571 862 spiritUS‚
1616 805 1678 846 di-

257 877 403 918 videns
441 879 612 932 singulis
657 894 787 937 prout
825 883 958 925 vult.“
1037 883 1152 938 Quin
1203 883 1331 925 etiam
1376 882 1678 925 sanctimoniae

259 955 535 997 collationem
568 959 680 999 idem
700 959 815 1001 Filio
848 960 1045 1014 assignat3
1075 961 1304 1017 sapientiae
1336 977 1435 1002 vero
1467 978 1514 1002 ac
1544 960 1676 1001 scien-

254 1032 337 1073 tiae
368 1034 540 1086 gratiam
571 1037 753 1092 Spiritui
782 1050 925 1079 sancto
957 1039 1106 1080 itidem
1145 1051 1192 1080 ut
1220 1039 1335 1081 Filio
1364 1050 1580 1095 acceptam
1611 1053 1677 1078 re·

257 1110 350 1152 sert.
425 1110 574 1165 Unde,
623 1114 761 1171 inquit
797 1115 900 1157 ibid.
944 1133 1059 1159 num.
1089 1116 1150 1166 8.,
1199 1119 1459 1173 inoperatio
1497 1116 1674 1170 Patris,

257 1189 427 1244 qaae3)
462 1198 682 1245 praestat
720 1196 947 1244 omnious,
987 1193 1161 1235 clarior
1203 1207 1259 1235 ac
1297 1193 1677 1250 maguficentzor

255 1266 504 1317 invenitur,
537 1282 637 1309 cam
669 1273 969 1327 unnsquisque
993 1284 1080 1327 per
1104 1273 1515 1327 participationem
1544 1269 1675 1312 Cleri-

256 1344 331 1392 sti,
358 1343 605 1386 secandum
645 1344 697 1388 id
737 1347 857 1403 qaod
881 1351 1115 1404 sapientia
1146 1355 1236 1400 est,
1277 1356 1322 1389 et
1351 1345 1597 1389 secanda-m
1627 1344 1679 1389 z'd

257 1418 378 1474 quod
401 1424 597 1464 scz‘eutia
627 1431 715 1474 est,
754 1432 801 1465 et
830 1424 1140 1474 sanctificatio
1175 1432 1264 1476 est,
1297 1424 1513 1481 proficit,
1550 1431 1596 1466 et
1625 1426 1674 1465 in

256 1496 447 1540 altiores
476 1500 777 1555 profectuum
809 1500 994 1557 gradus
1033 1505 1179 1544 vem't:
1217 1509 1276 1544 et‘
1294 1516 1383 1558 per
1412 1501 1516 1555 hoc,
1555 1499 1678 1557 quod

248 1578 617 1633 participatione
653 1580 811 1620 sancti
843 1577 1045 1634 Spiritus
1069 1578 1241 1633 factus
1277 1587 1343 1621 est
1382 1582 1480 1636 quis
1510 1580 1675 1634 purior

255 1658 394 1707 atque
431 1656 674 1707 sincerior,
720 1656 910 1709 effectus
924 1658 964 1713 4)
1007 1655 1177 1713 dignus
1215 1659 1380 1713 recipit
1416 1657 1674 1713 sapientiae

256 1741 313 1770 ac
340 1733 562 1773 scientiae
594 1737 828 1789 gratiam.
886 1735 1059 1791 Repetit
1095 1735 1173 1776 ista
1216 1751 1306 1791 cap.
1339 1734 1403 1778 18.
1440 1745 1587 1775 auctor
1623 1733 1673 1774 li-

254 1807 358 1848 belli
390 1809 442 1849 de
471 1809 642 1851 Deitate
674 1798 716 1851 et
743 1811 1037 1853 Incarnatione
1068 1813 1198 1853 Verbi
1227 1814 1281 1853 ad
1309 1811 1570 1862 Januarium,
1599 1810 1671 1867 qui
1733 1866 1737 1870 ¹

255 1885 307 1923 ad
341 1886 499 1926 calcem
531 1888 659 1928 Tomi
699 1889 836 1944 quarti
875 1889 1098 1943 Augustini
1128 1889 1405 1931 subnectitur.
1464 1889 1584 1944 Quae
1614 1905 1670 1929 ne
1714 1908 1725 1921 ·

255 1961 348 2015 quis
377 1979 398 2002 a
431 1964 586 2005 Rufino
617 1966 848 2022 interprete
878 1967 921 2008 in
953 1968 1147 2020 Origenis
1177 1967 1350 2020 gratiam
1382 1967 1561 2007 conficta
1589 1983 1670 2022 pu-

252 2049 336 2088 tet,
385 2040 566 2081 similem
611 2041 883 2099 adjungemus
927 2045 1070 2086 locum
1116 2061 1136 2084 e
1181 2045 1307 2086 Tom.
1340 2044 1391 2085 Il.
1435 2043 1478 2084 in
1515 2044 1668 2086 Joann.

254 2133 369 2158 num.
401 2117 440 2160 6.
503 2110 567 2160 Οὗ
584 2119 623 2174 ⁵)
656 2122 800 2176 (υἱοῦ)
824 2121 1004 2181 χρῄζειν
1043 2124 1159 2166 ἔοικε
1200 2122 1248 2165 τὸ
1290 2120 1428 2178 ἅγιον
1467 2125 1666 2177 πνεῦμα,

255 2196 579 2245 διακονοῦντος
608 2196 745 2240 αὐτοῦ
779 2201 825 2258 τῇ
859 2197 1128 2254 ὑποστάσει,
1170 2199 1228 2243 οὗ
1249 2198 1399 2255 μόνον
1429 2202 1490 2248 εἰς
1518 2200 1567 2243 τὸ
1598 2197 1667 2243 εἷ-

256 2289 354 2329 ναι,
396 2272 509 2316 ἀλλὰ
542 2277 620 2317 καὶ
650 2273 801 2332 σοφὸν
831 2271 970 2326 εἶναι,
1009 2278 1085 2318 καὶ
1114 2274 1324 2334 λογικὸν,
1360 2278 1438 2321 καὶ
1467 2278 1662 2335 δίκαιον,

374 2469 413 2524 ¹)
444 2469 553 2513 Edd.
584 2469 753 2512 Huetii:
785 2470 886 2513 Del.

368 2538 410 2594 2)
444 2539 529 2580 Cfr.
567 2540 577 2579 l
612 2541 710 2582 Cor.
741 2542 837 2590 ΧΠ,
869 2541 934 2584 11.

369 2611 412 2666 3)
443 2611 521 2651 Ed.
553 2611 707 2651 Ruaei:
739 2625 853 2667 quae
883 2625 976 2653 esse
998 2620 1229 2668 praestat.

370 2681 413 2736 ⁴²)
444 2681 551 2722 Edd.
583 2681 750 2722 Huetii:
782 2683 958 2723 effectus
990 2683 1136 2736 dignos
1163 2683 1329 2741 recipit,
1359 2684 1587 2742 sapientiae
1618 2702 1663 2726 ac

252 2737 449 2779 scientiae
478 2739 662 2790 gradum.

372 2809 412 2863 5)
447 2808 532 2851 Cfr.
565 2811 628 2851 ed.
661 2821 793 2855 nostr.
825 2811 948 2852 Tom.
982 2812 1012 2851 I.
1045 2826 1135 2865 pag.
1171 2809 1260 2855 110-
