1759 3125
274 62 358 107 256
691 61 836 103 Perat
864 61 1082 104 DANmms
1115 62 1280 104 Hom-11

276 179 491 220 confutata
521 187 767 232 appareant,
801 175 1012 234 concludo
1046 188 1209 231 partem
1237 174 1419 231 aliquam
1453 173 1590 215 libelli
1623 175 1697 215 hu-

275 255 338 312 jus
369 254 642 297 intercidisse.

391 334 479 388 Qui
510 345 651 374 autem
690 331 732 373 in
774 348 820 373 ea
861 329 1015 372 versari
1053 329 1257 370 sententia
1295 329 1437 385 potuit
1478 329 1695 382 Origenes,
1754 388 1757 391 Ι

275 428 402 468 quem
432 411 533 452 haec
563 409 775 466 scripsisse
806 410 936 450 refert
965 407 1213 462 Pamphilus
1244 407 1286 448 in
1308 408 1542 463 Apologia:
1578 404 1702 460 Quid

275 496 358 538 est,
389 486 509 544 quod
526 486 670 530 discit.-
702 489 777 539 „In
801 488 836 544 ¹)
869 486 959 527 sole
992 485 1136 541 posuit
1166 485 1485 526 tabernaculum
1515 485 1697 526 suum?“

277 563 477 617 Quidam
509 563 687 622 quidem
717 562 956 619 dicebant,
1002 561 1123 620 quod
1159 561 1380 606 Salvator
1419 571 1575 606 noster
1615 562 1695 605 ad-

273 642 492 687 scendens
530 658 554 686 e
593 645 733 687 terris
771 640 837 685 ad
871 641 1068 696 coelum,
1112 648 1160 683 et
1198 654 1362 699 corpus
1400 655 1532 683 suum
1571 654 1697 684 assu-

273 736 416 780 mens,
442 726 653 780 pervenit
682 734 818 779 usque
850 717 915 763 ad
941 733 1042 762 eum
1075 720 1310 771 cea-culum,
1342 721 1422 777 qui
1445 719 1550 762 solis
1579 732 1697 762 zona

274 804 575 852 nominatum
604 807 651 843 et
681 802 758 853 ibi,
790 801 942 857 ajtmt,
969 801 1124 856 posuit
1156 796 1510 841 tabernaculum
1541 810 1696 855 corpo-

272 881 338 920 Τίς
375 881 468 921 sui:
516 891 605 920 mm
647 880 768 921 em'm
804 878 937 921 ultra
975 885 1081 921 erat
1113 877 1327 935 possibile
1375 874 1426 918 z'd
1456 874 1693 934 progredi.

271 955 365 999 Sed
392 956 505 1000 haec
542 957 617 1000 illc·
648 959 720 1001 ita
754 958 985 1012 sentiunt,
1032 967 1120 1013 pro
1151 967 1223 1007 eo,
1264 951 1384 1012 quod
1420 953 1696 1012 allegoriam
1754 934 1759 950 ι

273 1034 437 1078 nolunt
481 1038 530 1077 in
568 1036 818 1094 Scriptura
856 1034 1014 1078 divina
1052 1036 1278 1091 recipere,
1326 1040 1373 1075 et
1411 1030 1510 1075 ideo
1543 1045 1696 1090 purae

276 1111 496 1156 historiae
528 1111 852 1166 deservientes,
883 1110 1144 1170 lquusmodc'
1157 1109 1361 1168 fabulas
1390 1117 1437 1152 et
1453 1110 1697 1167 figmenta

274 1199 560 1248 componunt.
622 1192 733 1233 Tum
764 1194 906 1234 locum
937 1191 1047 1232 hunc
1079 1190 1311 1247 prophetae
1329 1189 1608 1246 postmodum
1638 1188 1696 1229 ita

271 1269 596 1327 interpretatur:
625 1270 943 1311 tabernaculum
975 1268 1133 1311 Christi
1165 1284 1251 1309 esse
1284 1267 1528 1320 ecclesiam;
1559 1266 1695 1308 solem

272 1364 389 1398 vero,
419 1349 587 1399 Deum,
628 1349 700 1404 qui
740 1348 810 1388 lux
840 1359 1007 1389 aeterna
1041 1358 1122 1397 est,
1154 1358 1194 1387 et
1225 1346 1290 1386 sol
1321 1344 1520 1403 justitiae.
1580 1343 1696 1397 Quin

272 1424 398 1466 etiam
428 1425 742 1478 Hermogenem
780 1425 902 1483 hujus
943 1435 1303 1481 propugnatorem
1334 1422 1515 1464 insaniae
1549 1422 1696 1462 consu-

269 1514 375 1544 tasse
409 1503 636 1556 Origenem
677 1504 805 1545 tradit
835 1503 1133 1544 'theodoretus
1174 1502 1300 1557 Haerr.
1338 1500 1411 1544 lib.
1442 1500 1473 1543 Ι.
1506 1517 1594 1556 cap.
1629 1499 1693 1544 19.

273 1580 421 1622 Placet
452 1596 550 1634 ergo
575 1581 683 1624 Sixti
713 1580 909 1624 Senensis
942 1592 983 1623 et
1002 1579 1266 1622 Genebrardi
1297 1578 1552 1638 conjectura,
1585 1578 1692 1619 deli-

269 1659 378 1712 rium
410 1659 518 1701 iIIud
560 1676 581 1701 a
621 1658 877 1701 Manichaeis
918 1658 1045 1700 fuisse
1088 1658 1261 1711 Origeni
1299 1657 1509 1708 affictum,
1551 1672 1694 1698 corru-

268 1749 451 1794 ptosque
485 1737 571 1796 ejus
604 1738 735 1778 libros
767 1737 817 1778 ad
846 1736 1153 1778 conciliandam
1183 1735 1392 1792 impietati
1423 1751 1520 1776 suae
1551 1735 1695 1776 fidem.

268 1816 447 1857 Minime
482 1831 581 1857 vero
620 1816 764 1872 placet
799 1815 930 1856 altera
970 1814 1234 1856 Genebrardi
1271 1813 1514 1871 responsio:
1552 1812 1695 1866 negari

268 1894 520 1950 simpliciter
549 1894 593 1934 id
623 1910 761 1949 posse,
795 1892 889 1949 quia
909 1892 1104 1945 Origenis
1136 1892 1246 1933 liber
1274 1908 1361 1935 non
1392 1904 1534 1933 exstat.
1586 1893 1691 1933 Nam

269 1987 354 2027 quo
387 1971 548 2012 recidet
587 1970 833 2027 Serapionis
875 1970 1123 2022 auctoritas,
1166 1986 1293 2026 quem
1334 1970 1500 2010 extollit
1538 1970 1692 2011 Hiero-

265 2048 443 2107 nymus?

377 2127 576 2169 XXVIII.
633 2126 867 2168 Difficilius
906 2125 1111 2167 sententia
1150 2125 1252 2167 haec
1291 2125 1427 2167 affinis
1457 2126 1612 2182 prioris
1642 2127 1693 2168 il-

266 2205 347 2248 lius
381 2204 566 2247 excusari
594 2216 758 2271 potest,
800 2221 926 2261 quam
956 2204 1117 2245 Homil.
1149 2204 1220 2248 29.
1259 2204 1301 2245 in
1340 2206 1441 2247 Luc.
1475 2205 1692 2259 consigna-

266 2285 327 2325 vit
358 2284 578 2337 Origenes.
641 2280 773 2335 Quod
798 2284 859 2333 si,
905 2280 1063 2337 inquit,
1105 2289 1313 2324 tentatus
1352 2283 1504 2337 illum,
1546 2285 1690 2341 (Chri.

267 2363 412 2417 stum),
446 2363 657 2403 imitatus
674 2360 848 2415 fueris,
881 2362 958 2415 que·
973 2373 1060 2416 pro
1080 2366 1124 2402 te
1146 2366 1355 2402 tentatus
1378 2368 1459 2414 est,
1490 2369 1537 2404 et
1558 2375 1688 2405 omne

265 2441 428 2482 viceris
459 2445 819 2489 tentamentum,
860 2433 1046 2478 habebis
1076 2450 1198 2492 spem
1229 2451 1330 2479 cum
1359 2451 1430 2491 eo,
1472 2442 1550 2495 qni
1575 2446 1689 2483 tum:

267 2516 398 2560 homo
418 2515 546 2570 fuit,
589 2528 712 2557 nune
750 2521 905 2556 autem
944 2512 1072 2554 homo
1104 2527 1197 2556 esse
1228 2519 1436 2560 cessavit.
1498 2517 1620 2559 Nam
1649 2522 1692 2561 si

267 2596 345 2650 qui
367 2591 594 2650 quondam
625 2590 754 2635 homo
784 2599 905 2648 erat,
929 2598 1171 2648 postquam
1198 2600 1408 2636 tentatus
1429 2602 1509 2647 est,
1541 2603 1586 2638 et
1617 2609 1688 2638 re·
1754 2621 1759 2651 4

387 2825 428 2880 ¹)
459 2823 612 2864 Psalm.
645 2823 763 2872 XIX,
795 2822 833 2865 4.
866 2823 1066 2879 (XVIII.)
