1759 3125
281 83 362 130 186
695 84 840 126 PETRI
870 83 1082 126 DANmms
1113 83 1278 126 Humn

273 203 363 258 χοῦ
395 198 475 243 τὸν
503 197 606 242 υἱὸν
637 197 685 241 ἐκ
707 199 787 241 τοῦ
818 195 988 251 πατρὸς
1017 200 1295 251 γεννηθέντα
1327 193 1617 251 εὑρίσκουσιν
1651 210 1675 239 ο

274 280 367 321 τῶν
391 277 651 333 Ὡριγένους
679 279 865 330 βιβλίων
903 272 952 317 τὸ
992 271 1136 328 βάθος
1168 276 1442 328 κατανοῆσαι
1476 270 1703 328 δυνάμεῶ

277 372 365 400 νοι.
424 354 708 410 Hieronymus
739 368 839 392 vero
875 350 1021 391 dixisse
1040 350 1177 406 ipsum
1198 351 1423 402 affirmans,
1457 348 1689 392 Christum

275 432 446 476 Filium
468 430 562 472 Dei
587 442 677 470 non
706 436 872 470 uatum
901 440 1006 477 esse,
1035 424 1117 468 sed
1129 426 1336 480 factum,
1367 428 1449 468 hoc
1472 439 1545 477 est,
1572 427 1689 483 (ἐγέ-

277 525 413 565 νητον
444 519 484 548 et
513 504 718 563 γενητόν,
749 518 969 560 utramque
998 505 1103 545 hanc
1134 521 1283 545 vocem
1313 505 1354 545 in
1385 505 1513 545 alium
1546 506 1689 545 detor-

279 597 380 642 quet
410 584 696 634 intellectum,
734 600 780 624 ac
821 583 872 622 ab
913 581 1094 633 Origene
1132 594 1330 638 usurpata
1365 594 1445 623 est:
1488 581 1560 638 qui
1591 598 1687 622 cum

278 664 381 704 dixit
411 662 573 703 Filium
605 660 848 718 ἀγένητον,
885 658 931 698 id
960 658 1039 698 sibi
1071 659 1229 700 voluit:
1274 676 1360 700 non
1401 675 1487 700 esse
1516 660 1689 710 sactum,

275 758 355 782 nec
386 751 583 781 creatum.
648 738 807 778 Contra
836 736 1118 793 Hieronymus
1149 736 1355 792 exposuit,
1383 753 1469 777 non
1501 753 1588 777 esse
1616 752 1690 776 na-

275 830 389 868 tum,
432 817 549 873 quasi
588 814 757 855 dixisset
796 812 1064 869 ἆγέννητονε
1109 830 1202 854 cum
1245 830 1346 854 vero
1384 815 1546 856 Filium
1586 813 1691 855 dixit

276 893 493 954 γενητόν,
541 892 585 932 id
629 891 709 932 sibi
749 890 904 931 voluit:
955 891 1107 930 habere
1145 889 1282 945 ipsum
1314 891 1377 932 sui
1407 891 1690 947 principium;

278 985 423 1014 contra
461 970 744 1026 Hieronymus
785 968 997 1024 exposuit:
1051 984 1137 1007 esse
1177 970 1348 1009 sactum.
1426 971 1589 1026 Nempe
1629 970 1689 1011 sic

279 1051 403 1090 verba
425 1046 619 1103 Origenis
647 1046 690 1086 in
719 1045 948 1102 pessimum
977 1061 1144 1086 sensum
1167 1045 1329 1086 trahere
1351 1048 1526 1088 amabat.
1570 1048 1630 1088 Ita
1650 1048 1688 1104 ¹)

396 1204 436 1259 ¹)
465 1200 678 1256 Displicet
705 1199 945 1256 Epiphanio
978 1213 1018 1242 ct
1048 1201 1311 1260 Hieronymo
1339 1203 1525 1257 genitus
1542 1202 1690 1244 Deus:

279 1275 395 1316 idem
427 1288 514 1313 esse
545 1270 694 1310 volunt
723 1287 769 1311 ac
800 1272 957 1311 factum
988 1283 1027 1311 et
1059 1284 1258 1321 creatum,
1289 1273 1436 1313 saitem
1459 1275 1571 1327 apud
1591 1273 1691 1315 Ori-

279 1361 441 1398 genem,
473 1343 525 1383 de
557 1340 672 1398 cujus
704 1341 942 1381 Arianismo
974 1358 1059 1382 non
1098 1342 1427 1398 praejudicium,
1465 1344 1537 1383 sed
1567 1344 1694 1398 plane

279 1414 485 1474 judicium
515 1414 714 1452 fecerant.
773 1412 857 1452 Sed
888 1412 995 1451 illud
1025 1410 1237 1467 γενητόν,
1276 1429 1371 1452 cum
1403 1413 1453 1452 de
1483 1412 1598 1453 Filio
1632 1414 1694 1453 di·

285 1486 394 1527 citur
423 1485 474 1523 ab
507 1481 706 1533 Origene,
736 1482 804 1520 vel
835 1481 1062 1533 generatim
1091 1482 1296 1534 significat
1325 1483 1390 1531 id,
1422 1483 1538 1537 quod
1569 1483 1695 1523 habet

281 1555 456 1611 aliquod
487 1552 551 1593 sui
580 1550 853 1608 principium,
884 1551 951 1591 vel
981 1568 1122 1591 veram
1153 1552 1465 1604 generationem
1497 1551 1695 1604 designat.

280 1627 512 1681 Utriusque
542 1621 902 1677 interpretationis
933 1622 1124 1677 exempla
1150 1622 1303 1677 passim
1333 1635 1579 1663 occurrunt:
1611 1622 1698 1678 pri-

283 1715 376 1738 mae
408 1695 603 1752 quidem,
637 1710 730 1733 cum
762 1692 964 1744 Origenes
995 1693 1131 1733 solum
1162 1693 1332 1733 Patrem
1363 1692 1591 1745 ingenitum
1624 1693 1698 1733 de-

282 1776 511 1814 monstrat,
550 1780 597 1804 ac
625 1763 784 1803 Filium
821 1779 915 1803 cum
953 1764 1077 1803 rebus
1120 1762 1265 1804 creatis
1295 1764 1336 1804 in
1369 1780 1418 1804 eo
1452 1780 1698 1820 comparare

282 1856 369 1880 non
401 1836 585 1886 dubitat,
625 1834 749 1875 Tom.
782 1834 836 1875 II.
868 1833 911 1874 in
951 1835 1100 1875 Joann.
1135 1851 1250 1874 num.
1281 1833 1343 1883 6.,
1376 1835 1491 1890 quod
1520 1851 1542 1875 a
1572 1835 1696 1874 Patre

283 1907 494 1963 acceperit
524 1917 572 1945 ut
602 1917 730 1955 esset,
771 1921 865 1945 cum
904 1905 985 1944 hoc
1015 1917 1155 1945 tamen
1187 1904 1447 1954 discrimine,
1479 1904 1592 1958 quod
1622 1903 1697 1943 Fi·
1734 1911 1746 1923 ⁸

284 1981 364 2020 lius
405 1979 455 2018 ab
497 1988 668 2016 aeterno
710 1975 895 2026 genitus,
944 1977 1046 2015 istae
1085 1975 1126 2015 in
1158 1987 1351 2030 tempore
1383 1986 1557 2014 creatae.
1623 1974 1694 2015 Sic

285 2051 411 2091 etiam
440 2049 566 2089 Tom.
597 2047 629 2085 I.
660 2061 774 2085 num.
809 2046 873 2088 17.
936 2045 1028 2087 Οὐκ
1068 2043 1246 2092 ἀτόπως
1285 2046 1333 2087 δὲ
1373 2048 1448 2086 καὶ
1488 2044 1567 2087 τὸν
1604 2048 1695 2087 τῶν

286 2120 404 2164 ὅλων
435 2114 545 2161 θεὸν
577 2117 670 2172 ἐρεῖ
697 2131 760 2162 τις
792 2113 948 2170 ἀρχὴν,
984 2118 1142 2172 σαᾳῶς
1163 2121 1452 2171 προπίπῑων,
1488 2115 1551 2158 ὅτι
1577 2115 1691 2173 ἁρχὴ

283 2193 386 2234 υἱοῦ
419 2187 440 2232 ὁ
472 2185 642 2242 πατὴρ,
684 2189 759 2226 καὶ
801 2185 912 2240 ἀρχὴ
953 2184 1365 2240 δηριισυργηιιιάτων
1406 2185 1427 2229 ὁ
1470 2188 1694 2244 δημιουρ-

282 2264 379 2319 Ίιὸς,
412 2263 488 2302 καὶ
518 2256 795 2304 ἁπαξαπλῶς
826 2254 938 2312 ἁρχὴ
972 2259 1061 2298 τῶν
1103 2253 1247 2298 ὄντων
1286 2255 1307 2299 ὁ
1349 2255 1465 2305 ι’]εός.
1510 2257 1692 2305 ‚Eodem

283 2348 406 2373 sensu
438 2330 564 2369 docet
593 2326 718 2367 Tom.
751 2326 805 2367 H.
836 2341 950 2366 num.
981 2326 1073 2376 23,
1115 2327 1266 2368 multas
1299 2327 1383 2367 Dei
1413 2329 1695 2384 proprietates

283 2399 482 2454 cognosci
510 2414 595 2438 non
630 2412 752 2452 posse
791 2398 842 2436 ab
883 2397 1062 2437 humana
1099 2410 1273 2447 natura,
1315 2398 1426 2438 forte
1459 2400 1582 2440 etiam
1614 2417 1693 2441 nec

281 2474 332 2513 ab
364 2470 455 2511 aliis
485 2479 652 2524 praeter
680 2467 839 2508 Filium
881 2478 922 2508 et
961 2467 1167 2522 Spiritum
1211 2480 1400 2508 sanctum
1442 2469 1588 2521 genitis
1628 2487 1694 2511 re-

312 2558 382 2582 us:
423 2538 540 2595 τάχα
581 2539 629 2581 δὲ
671 2542 746 2581 καὶ
792 2540 953 2593 ἑτέροις
985 2536 1106 2595 παρὰ
1140 2537 1342 2594 Χριστὸν
1372 2545 1447 2582 καὶ
1478 2538 1525 2583 τὸ
1559 2540 1694 2597 ἅγιον

281 2614 463 2667 πνεῦμα
493 2614 708 2665 γενητοῖς.
778 2609 894 2649 Nihil
928 2609 1054 2661 igitur
1090 2620 1293 2663 repugnat
1325 2613 1515 2664 genitus
1553 2612 1694 2664 Deus,

281 2684 315 2726 si
346 2683 402 2723 ita
432 2679 682 2735 accipiatur:
712 2691 753 2720 at
784 2696 867 2735 quo
898 2696 1018 2720 sensu
1049 2680 1308 2734 Epiphanius
1340 2693 1382 2721 et
1411 2682 1696 2739 Hieronymus

282 2752 515 2808 accipiunt,
553 2767 758 2806 nusquam
800 2752 912 2806 apud
954 2750 1182 2802 origenem
1222 2752 1425 2804 occurrit;
1463 2753 1542 2793 nisi
1585 2755 1696 2794 forte

282 2823 460 2865 velimus
490 2822 621 2878 ipsam
652 2821 787 2864 Patris
819 2834 1009 2863 naturam
1050 2838 1097 2862 cx
1130 2822 1263 2863 nihilo
1308 2835 1485 2864 creatam
1517 2825 1567 2865 ab
1599 2824 1694 2866 Ori-
