1759 3125
218 102 302 146 412
741 103 977 147 Excunsus
1007 104 1098 146 vn.

219 247 364 277 mento
396 251 481 277 non
512 247 655 289 negat:
698 248 738 278 et
769 254 864 279 cum
897 239 1151 280 electionem
1182 255 1230 279 ex
1268 239 1421 280 merito
1463 240 1631 295 repetit,

220 313 363 354 meriti
393 314 565 354 nomine
595 330 681 354 non
713 316 926 370 praeclare
958 306 1067 357 facta
1099 328 1194 356 ante
1226 318 1480 358 electionem
1512 316 1637 357 intel-

222 391 334 443 ligit,
372 391 446 431 sed
484 391 599 431 illam
640 391 1029 434 immutabilitatem
1074 405 1115 434 et
1154 393 1501 449 impeccantiam,
1533 410 1639 450 quae

224 468 263 508 ei
294 468 336 508 in
368 467 591 508 creationis
621 482 841 510 momento
875 471 930 510 ob
961 471 1164 511 unionem
1196 487 1289 511 cum
1311 473 1452 512 Verbo
1472 471 1641 520 collata,

224 544 390 597 dignam
422 544 568 586 effecit
597 562 701 602 quae
735 564 831 588 cum
864 548 1005 589 Verbo
1036 548 1241 589 uniretur.
1301 548 1417 588 Haec
1445 546 1644 589 illustrari

223 633 400 678 possunt
441 639 488 664 ex
529 623 615 675 his,
655 642 761 681 quae
803 625 930 666 docet
967 626 1144 667 Hermas
1183 625 1225 666 in
1266 626 1428 666 Pastor.
1459 625 1535 666 lib.
1566 626 1645 666 ΙΙΙ.

227 715 317 754 cap.
357 699 397 742 5.
438 717 554 742 num.
595 703 655 754 6.‚
691 709 1037 759 praeparatum
1074 715 1167 744 esse
1208 716 1238 744 a
1274 702 1453 758 Spiritu
1487 709 1648 743 sancto

224 774 344 819 illud
377 790 561 834 corpus,
603 782 652 821 in
691 792 775 836 quo
815 779 944 821 Deus
974 777 1237 830 habitaret,
1275 791 1323 820 ut
1363 779 1561 820 videlicet
1591 779 1654 820 di-

227 870 356 907 gnum
388 867 494 895 esset
526 856 640 910 quod
673 873 769 897 cum
798 856 896 897 Deo
928 857 1072 898 Verbo
1103 856 1309 898 uniretur.
1369 856 1573 913 Sequitur
1603 872 1651 897 ex

228 933 448 982 sententia,
480 931 637 973 Christi
670 950 824 989 corpus
855 949 942 974 non
972 934 1178 985 fortuito,
1218 946 1292 976 aut
1323 951 1418 975 cum
1450 950 1651 990 persona·

229 1026 324 1050 rum
355 1009 604 1066 acceptione
643 1010 753 1051 inter
791 1010 871 1052 alia
912 1027 1094 1067 corpora
1130 1011 1174 1053 in
1215 1013 1368 1053 eodem
1408 1023 1517 1053 statu
1549 1011 1653 1052 exsi-

230 1087 383 1128 stentia
422 1088 604 1128 electum
655 1087 809 1139 fuisse,
855 1089 929 1129 sed
977 1089 1117 1129 solum
1159 1089 1331 1141 dignum
1371 1102 1413 1130 et
1451 1089 1655 1130 idoneum

231 1163 374 1215 fuisse,
404 1165 447 1205 in
480 1181 563 1220 quo
595 1166 781 1206 Verbum
814 1166 1082 1221 hypostatice
1113 1167 1333 1209 habitaret.
1390 1166 1508 1208 Nihil
1540 1166 1657 1206 aliud

235 1242 288 1282 de
318 1242 455 1283 anima
486 1242 716 1294 Origenem
747 1243 888 1284 dicere
919 1244 1133 1294 fatebitur,
1166 1244 1354 1300 quisquis
1374 1245 1456 1285 hoc
1482 1243 1526 1284 in
1556 1245 1655 1284 loco

233 1335 319 1359 non
352 1319 570 1359 literarum
611 1320 772 1374 apices,
810 1321 886 1361 sed
924 1321 1226 1361 sententiarum
1266 1321 1418 1362 seriem
1464 1332 1504 1361 et
1543 1337 1659 1361 com-

234 1395 476 1451 plexionem
510 1407 801 1451 persequetur.
860 1398 908 1437 In
947 1397 1028 1437 hoc
1060 1397 1233 1453 quidem
1262 1410 1410 1453 peccat
1443 1398 1662 1451 Origenes,

238 1474 354 1529 quod
384 1473 542 1514 animas
573 1485 667 1514 ante
700 1491 880 1530 corpora
914 1487 1070 1515 creatas
1102 1475 1351 1527 crediderit3
1389 1477 1463 1516 sed
1501 1475 1545 1516 in
1575 1476 1657 1517 hoc

238 1551 494 1602 laudandus,
527 1551 642 1607 quod
675 1551 850 1604 caverit,
890 1568 942 1593 ne
974 1552 1155 1593 animam
1188 1552 1344 1594 Christi
1373 1569 1395 1593 a
1425 1554 1568 1594 Verbo
1601 1570 1664 1594 se—

236 1640 415 1684 pararet.

353 1708 425 1750 IV.
486 1708 571 1750 Sed
604 1707 812 1765 quidquid
850 1708 894 1749 in
930 1709 1005 1750 hac
1046 1708 1234 1750 difficilis
1265 1709 1351 1751 loci
1384 1708 1665 1765 explicatione

244 1785 472 1835 elaboravi,
504 1786 549 1826 id
579 1787 631 1827 ad
662 1787 864 1827 Rufinum
905 1786 1184 1843 interpretem
1224 1786 1368 1842 potius
1407 1803 1533 1842 quam
1565 1787 1664 1829 Ori-

243 1878 392 1916 genem
422 1865 686 1918 purgandum
717 1864 886 1919 valebit.
933 1864 1129 1917 Origenis
1151 1864 1264 1905 enim
1282 1875 1524 1905 contextum
1555 1864 1663 1905 mire

245 1940 501 1981 deformavit
529 1941 728 1992 Rufinus,
772 1943 873 1982 dum
904 1942 1129 1983 emendare
1158 1957 1370 1993 aggressus
1401 1953 1474 1982 est.
1537 1941 1669 1995 Quod

247 2017 281 2058 si
314 2017 459 2067 illum,
499 2030 631 2073 prout
669 2035 691 2060 a
719 2019 956 2061 Justiniano
987 2021 1038 2061 ad
1071 2020 1230 2060 calcem
1262 2018 1382 2074 epist.
1413 2020 1466 2060 ad
1496 2020 1668 2061 Menam

245 2105 430 2135 servatus
462 2106 543 2145 est,
580 2096 873 2152 inspiciamus,
913 2098 1293 2138 animadvertemus
1326 2096 1555 2149 Origenem
1584 2113 1671 2137 non

249 2172 302 2211 (le
332 2171 493 2212 animae
522 2183 699 2225 tantum,
729 2174 801 2213 sed
834 2175 885 2214 de
919 2174 1110 2230 corporis
1141 2186 1184 2214 et
1213 2173 1375 2214 animae
1406 2174 1670 2231 hypostatica

251 2265 347 2289 cum
377 2250 522 2290 Verbo
555 2249 852 2306 conjunctione
882 2251 1016 2307 loqui,
1049 2268 1097 2291 ex
1128 2267 1208 2306 qua
1238 2251 1298 2300 fit,
1329 2262 1376 2290 ut
1408 2250 1563 2292 Christi
1594 2251 1671 2291 hu-

251 2327 428 2367 manitas
465 2327 591 2368 simul
624 2345 719 2369 cum
752 2329 893 2368 Verbo
927 2341 968 2370 et
1000 2328 1158 2369 Christi
1202 2340 1243 2368 et
1277 2326 1496 2379 Unigeniti
1526 2330 1674 2383 appel-

255 2404 474 2458 lationem,
505 2417 547 2447 et
576 2406 735 2459 gloriae
765 2405 1012 2447 societatem
1043 2405 1255 2447 sortiatur.
1316 2404 1388 2446 Sic
1417 2404 1544 2457 igitur
1575 2406 1673 2447 Ori-

257 2499 381 2536 genes
412 2484 525 2539 apud
554 2483 858 2527 Justinianum:
900 2483 990 2526 Λιὰ
1032 2486 1163 2526 ’τοῦτο
1196 2485 1271 2526 καὶ
1311 2478 1556 2539 ἅνθρωπος
1591 2489 1671 2539 γε’-

256 2576 367 2616 γονε
399 2560 614 2618 Χριστὸς,
658 2563 704 2611 ἐξ
745 2559 1158 2619 ἀνδρτιγαθ-ήμαιος
1199 2557 1360 2604 τούτου
1399 2558 1571 2616 τιγών,
1615 2560 1674 2610 ὠς

258 2643 481 2698 μαρτυρεῖ
518 2636 540 2682 ὁ
580 2656 700 2697 προᾳ
716 2637 818 2694 η’της
856 2642 1021 2696 λέγων·
1063 2636 1395 2696 ,,ἠγάπησας’)
1435 2637 1675 2684 δικαιοσύ-

385 2841 424 2900 1)
458 2841 610 2885 Psalni.
645 2844 775 2895 XLV,
807 2845 844 2889 7.
877 2843 1071 2901 (XLIV.)

1751 238 1759 256 Ι
