1759 3125
488 104 879 144 OmGENJANome
917 103 1059 144 LmER
1091 103 1148 144 ΙΙ.
1437 102 1519 147 167

104 215 222 260 καθό
253 216 374 259 ἔστιν
402 213 536 258 εἰκών
566 217 641 268 τῆς
671 212 951 270 ἀγαθότητος
981 213 1120 258 αὐτοῦ
1151 215 1230 257 τοῦ
1250 216 1375 264 θεοῦ,
1404 210 1517 271 ἥπερ

101 293 127 348 ἡ
163 290 356 348 ὑπεροχὴ
389 295 466 334 τοῦ
510 294 621 335 θευῦ
664 289 793 339 ὄντος
834 291 1015 348 ἀγαθοῦ
1057 290 1171 347 πρὸς
1209 289 1289 335 τὸν
1328 288 1515 334 εἰπόντα

103 372 303 424 σωτῆρα·
334 367 391 423 ,,ὁ
413 369 452 423 ¹)
470 369 631 423 πατὴρ,
668 368 689 410 ὁ
714 371 898 424 πέμψας
917 384 990 425 με,
1024 372 1190 424 μείζων
1213 385 1305 424 μου
1328 367 1513 411 ἐστίν·ις

102 445 209 490 ὄντα
242 443 354 499 πρὸς
385 445 559 500 ἑτέρους
588 448 662 487 καὶ
696 443 849 488 εἰκόνα
872 448 948 498 τῆς
979 443 1259 502 ἀγαθότητος
1288 447 1366 488 τοῦ
1385 446 1514 488 θεοῦ.

215 522 423 563 Adversus
455 536 501 561 ea
531 520 817 576 praescribere
848 522 972 571 velle,
1002 538 1088 562 non
1120 533 1181 562 est
1213 521 1406 563 candoris
1437 536 1515 561 no·-

97 599 183 640 stri.
231 598 369 652 Quam
400 609 540 637 autem
562 597 709 638 solaris
732 597 838 638 radii
864 598 1224 654 comparationem
1247 598 1514 639 adhibuimus

97 693 244 731 supra,
277 676 452 715 eandem
483 674 549 714 hic
579 673 787 729 replicare
817 691 984 716 necesse
1016 686 1099 725 est,
1130 687 1178 716 ut
1209 674 1296 732 ejus
1328 676 1379 715 de
1409 673 1515 715 Filii

96 752 288 792 bonitate
319 751 523 791 sententia
553 752 796 793 innotescat.
859 752 1233 806 Quemadmodum
1266 768 1365 805 ergo
1393 762 1512 792 tanto

98 829 297 880 dignitate
329 828 461 868 Patris
493 828 738 867 inferiorem
780 828 960 870 credidit
995 829 1154 870 Filium
1222 841 1377 887 quanto
1405 827 1516 869 sola-

1169 864 1179 882 9

96 907 151 946 ris
181 905 322 945 radius
354 904 454 944 solis
485 904 615 959 ipsius
645 903 837 957 dignitati
878 906 1069 959 decedit;
1107 908 1282 948 eandem
1320 921 1407 946 esse
1436 906 1515 945 bo-

94 982 233 1022 nitatis
264 981 366 1021 Filii
395 981 602 1022 rationem
632 982 684 1022 ad
709 981 844 1023 Patris
874 983 1106 1024 bonitatem
1138 983 1344 1024 censuisse
1373 982 1514 1038 ipsum

94 1060 328 1115 putandum
369 1070 440 1098 est.
509 1059 569 1099 Ut
606 1059 717 1099 enim
758 1060 966 1114 quandam
1010 1061 1112 1101 solis
1150 1061 1400 1113 imaginem,
1439 1059 1514 1100 sed

93 1137 242 1176 rudem
286 1147 326 1175 et
363 1134 656 1189 imperfectam
705 1134 894 1176 continet
940 1153 986 1176 ac
1029 1136 1227 1192 exprimit
1264 1136 1413 1177 solaris
1450 1151 1515 1176 ra-

95 1213 210 1265 dius3
241 1212 331 1268 pari
362 1212 492 1251 modo
527 1211 752 1264 imaginem
783 1224 981 1268 paternae
1010 1214 1214 1256 bonitatis
1250 1216 1409 1255 referre
1439 1212 1513 1254 Fi-

93 1290 198 1330 lium
240 1289 513 1338 existimavit,
559 1303 646 1328 non
690 1289 924 1344 perfectam
962 1291 1135 1347 quidem
1172 1308 1219 1332 ac
1256 1308 1334 1347 per
1372 1290 1514 1331 omnia

96 1368 322 1425 archetypo
355 1365 434 1420 ipsi
465 1365 649 1405 similem
682 1377 723 1405 et
752 1368 991 1421 aequalem,
1029 1370 1103 1409 sed
1143 1385 1378 1424 expressam
1407 1367 1513 1409 levi—

93 1456 171 1499 ter,
206 1455 248 1484 et
278 1442 526 1497 exemplaris
556 1442 807 1497 praestantia
823 1444 948 1496 longe
967 1445 1227 1486 inferiorem.
1273 1446 1320 1487 Si
1343 1446 1511 1502 quando

93 1522 220 1574 igitur
251 1521 486 1560 bonitatem
516 1519 620 1560 Filii
652 1520 827 1559 eandem
858 1536 945 1561 esse
987 1523 1113 1562 docet
1149 1539 1196 1564 ac
1226 1523 1362 1563 Patris
1390 1522 1514 1564 boni-

93 1611 235 1649 tatem,
268 1597 384 1637 velut
414 1596 508 1635 libr.
541 1596 571 1636 I.
609 1598 712 1650 περὶ
745 1595 898 1652 ἀρχῶν
928 1614 1017 1654 cap.
1043 1599 1082 1641 2.
1113 1616 1227 1640 num.
1260 1600 1325 1646 10,
1361 1611 1401 1640 et
1431 1599 1513 1651 13.‚

94 1675 168 1715 ubi
200 1675 373 1714 eandem
407 1688 493 1712 esse
524 1672 581 1712 ait
612 1672 831 1728 utriusque
862 1674 1121 1729 potentiam,
1148 1678 1383 1718 bonitatem
1417 1694 1513 1718 ean-

98 1754 209 1800 dem,
244 1762 284 1791 et
316 1765 589 1804 quaecunque
619 1750 744 1790 habet
773 1749 911 1800 Pater,
940 1751 1093 1792 habere
1127 1764 1167 1793 et
1196 1753 1380 1809 Filium,
1411 1754 1513 1795 faci-

94 1830 145 1870 lis
178 1840 238 1869 est
267 1826 527 1877 intellectus3
566 1826 666 1866 Filii
704 1843 857 1882 nempe
894 1829 1128 1871 bonitatem
1164 1844 1362 1887 paternae
1392 1831 1516 1872 boni-

93 1905 188 1946 tatis
221 1920 308 1944 esse
338 1903 589 1958 particulam
620 1915 662 1943 et
691 1920 854 1953 auram,
886 1920 908 1944 e
938 1918 1111 1959 paterna
1141 1909 1331 1948 bonitate
1365 1909 1512 1949 decer-

93 1994 210 2038 ptam
239 1998 285 2021 ac
317 1980 558 2021 delibatam.
619 1981 666 2021 Si
697 1981 864 2035 quando
895 1980 1010 2021 Patri
1049 1983 1135 2023 soli
1171 1985 1408 2026 bonitatem
1438 1985 1512 2027 tri-

93 2060 197 2109 buit,
227 2057 519 2114 primigeniam
549 2057 798 2107 bonitatem,
829 2068 870 2097 et
899 2057 1099 2100 bonitatis
1126 2060 1325 2115 intelligit
1353 2063 1514 2119 princi-

95 2136 212 2192 pium
245 2152 292 2176 ac
322 2136 508 2188 sontem3
547 2135 708 2176 Filium
747 2147 885 2176 autem
926 2147 1100 2190 paterna
1138 2150 1300 2180 tantum
1330 2140 1404 2181 illa
1434 2142 1513 2181 bo—

94 2213 224 2254 nitate
255 2211 534 2267 impertitum.
605 2211 733 2268 Cujus
772 2211 1000 2267 impietatis
1040 2221 1305 2259 occasionem
1348 2218 1515 2259 videtur

98 2289 305 2346 accepisse
346 2305 394 2328 ex
432 2289 543 2328 male
580 2287 798 2329 intellecto
841 2290 1057 2333 Matthaeo
1088 2294 1214 2344 XIX,
1256 2294 1318 2337 17.
1361 2306 1402 2335 et
1439 2298 1515 2338 Jo-

97 2384 188 2408 ann.
219 2368 359 2418 XVII>
392 2365 445 2415 3.,
477 2377 517 2405 et
548 2380 596 2405 ex
626 2365 827 2416 Platone,
867 2368 939 2423 qui
971 2367 1079 2410 bom'
1103 2387 1260 2413 nomen
1291 2373 1342 2414 ad
1370 2373 1515 2414 Deuim

97 2442 368 2497 peculiariter
396 2441 610 2497 pertinere
643 2443 821 2485 dicebat.

213 2519 329 2562 XVI.
383 2518 528 2560 Simili
549 2521 680 2560 modo
705 2520 1001 2575 explicandum
1024 2524 1138 2565 venit
1159 2526 1311 2578 dogma
1326 2527 1517 2578 alterum,

105 2595 220 2649 quod
251 2597 302 2636 ab
342 2596 435 2651 ipso
474 2598 743 2653 propositum
784 2600 913 2640 refert
950 2600 1233 2659 Hieronymus
1273 2622 1338 2662 ep.
1370 2606 1437 2650 59.
1465 2606 1517 2646 ad

222 2823 260 2876 ¹)
295 2823 380 2865 Csr.
413 2840 475 2866 ev.
505 2826 655 2868 Joann.
685 2830 802 2881 XIV,
831 2831 898 2874 28.
