1759 3125
206 65 262 108 42
628 66 772 109 Pssrm
802 67 1018 108 DANmms
1049 66 1215 108 HUETn

208 177 275 220 64.
308 194 398 234 cap.
433 178 494 229 1.,
527 191 569 219 et
599 179 767 220 Nicetas
798 180 998 221 Thesaur.
1043 178 1305 219 orthodoxae
1343 176 1444 218 fidei
1482 176 1554 217 lib.
1587 176 1627 219 4.

206 255 376 297 Haeres.
407 255 488 307 31„
521 268 562 297 et
593 257 673 297 huc
705 259 930 298 commode
961 255 1109 296 referri
1139 256 1321 311 potest),
1361 266 1422 295 sat
1454 255 1628 306 longum

207 344 373 389 tempus
413 333 642 374 contritum
685 334 810 375 fuisse
848 348 1018 374 necesse
1059 344 1130 373 est.
1208 334 1297 373 Nec
1347 348 1511 373 caussae
1555 343 1629 382 est,

207 426 282 450 cur
311 426 359 450 ex
390 411 465 451 hac
495 411 733 452 scholarum
765 409 1100 466 frequentatione
1128 408 1243 450 aliud
1267 409 1519 450 Atheniense
1550 408 1631 450 iter

206 488 257 527 ab
290 486 472 539 Origene
504 488 606 529 olim
647 488 913 529 adolescente
953 486 1190 526 institutum
1230 487 1466 539 confingant
1497 487 1630 527 Baro·

206 563 298 604 nius
330 565 380 605 ad
412 581 504 607 ann.
536 566 630 609 23¹2.
660 583 772 607 num.
805 565 858 614 4.,
894 576 934 604 et
964 563 1158 604 Petavius
1199 563 1250 603 ad
1281 563 1488 619 Epiphan.
1518 565 1630 605 Hae-

206 658 282 682 res.
314 642 382 685 64.
425 659 513 699 cap.
549 643 606 686 1.;
647 660 743 683 nam
784 643 835 682 ad
877 640 1156 696 philosophos
1197 651 1238 680 et
1280 641 1469 681 rhetores
1514 641 1630 681 ibant

207 718 491 776 cujuscunque
522 721 666 761 aetatis
697 719 900 767 homines,
931 734 1067 774 neque
1108 717 1333 758 verisimile
1367 730 1447 770 est,
1481 717 1630 770 Orige-

203 814 301 838 nem
353 798 668 853 philosophiae,
726 797 1068 851 reliquarumque
1122 795 1434 850 disciplinarum
1484 811 1628 835 amore

204 876 467 927 flagrantem,
513 876 557 915 in
597 891 642 915 ea
683 876 904 926 degentem
934 874 1060 922 urbe,
1104 889 1209 928 quae
1253 872 1405 913 artium
1436 872 1626 913 omnium

204 953 410 993 inventrix
439 953 683 1002 haberetur,
725 963 766 992 et
804 953 845 992 in
880 968 960 1007 qua
994 967 1089 991 cum
1121 950 1296 999 civium,
1330 962 1417 990 tum
1449 952 1628 990 advena-

204 1048 299 1070 rum
338 1030 612 1086 praecipuum
654 1041 761 1070 esset
799 1028 985 1069 studium
1024 1028 1125 1068 novi
1166 1028 1326 1084 aliquid
1370 1029 1436 1069 vel
1475 1029 1627 1078 dicere,

204 1110 272 1150 vel
303 1108 467 1157 audire,
514 1118 647 1148 aetate
688 1106 816 1147 fuisse
854 1106 1141 1155 absterritum,
1185 1105 1409 1161 quominus
1452 1105 1626 1146 civitatis

207 1186 512 1228 consuetudine
543 1186 596 1225 ad
628 1185 876 1239 explendam
909 1184 1183 1239 cupiditatem
1223 1196 1427 1226 uteretur.
1490 1185 1627 1239 Supra

206 1264 377 1320 quidem
409 1262 722 1304 observavimus
752 1261 965 1302 testificari
994 1261 1293 1319 Porphyrium,
1325 1262 1376 1302 ad
1406 1261 1628 1302 Plotinum

204 1343 368 1383 Romae
406 1339 580 1396 publice
617 1339 843 1379 docentem
883 1338 1110 1394 aliquando
1151 1339 1367 1380 accessisse
1401 1339 1628 1391 Origenem

207 1419 439 1475 quendam,
477 1417 605 1458 alium
635 1418 686 1456 ab
717 1416 998 1466 Adamantio,
1028 1417 1189 1458 Plotini
1219 1417 1456 1473 aequalem,
1491 1433 1628 1472 eoque

207 1508 435 1551 conspecto
468 1495 627 1534 victum
656 1494 823 1549 pudore
852 1494 1074 1534 Plotinum
1105 1494 1272 1535 dicendi
1304 1494 1432 1534 finem
1463 1495 1626 1538 fecisse.

205 1573 473 1628 Priusjdem
503 1573 661 1612 factum
693 1570 869 1623 legimus
900 1587 922 1611 a
943 1570 1104 1620 Tullio,
1137 1571 1208 1626 qui
1240 1583 1338 1612 octo
1379 1571 1463 1628 jam
1496 1585 1537 1613 et
1567 1573 1627 1613 vi-

205 1653 307 1706 ginti
337 1668 466 1692 annos
496 1661 628 1699 natus,
661 1666 755 1690 cum
785 1649 948 1689 Romae
989 1661 1095 1690 esset
1124 1649 1342 1690 biennium
1374 1662 1556 1690 versatus
1587 1651 1627 1691 in

208 1730 384 1780 caussis,
431 1740 472 1769 et
508 1728 592 1785 jam
632 1727 741 1768 inter
779 1726 940 1781 primos
978 1726 1094 1766 urbis
1145 1738 1332 1767 oratores
1383 1739 1627 1782 poneretur,

206 1808 389 1849 Athenas
419 1819 558 1847 tamen
590 1806 640 1845 ad
664 1805 922 1845 Antiochum
952 1804 1270 1860 philosophum,
1305 1817 1345 1845 et
1360 1806 1628 1849 Demetrium

206 1887 425 1926 rhetorem
457 1900 500 1924 se
533 1883 726 1923 contulit.
786 1884 892 1923 Inde
924 1882 976 1922 ad
998 1882 1203 1923 Asiaticos
1236 1895 1436 1931 oratores,
1468 1883 1627 1938 ipsum-

207 1979 288 2019 que
329 1963 501 2002 demum
541 1960 765 2000 Molonem
814 1975 857 1999 se
897 1959 1136 2014 applicavit.
1216 1959 1330 2013 Quin
1370 1971 1411 1999 et
1449 1960 1628 2001 Antonii

207 2039 447 2096 Gniphonis
477 2037 663 2077 scholam
695 2036 992 2090 frequentasse,
1024 2036 1149 2076 etiam
1181 2053 1277 2076 cum
1306 2048 1502 2091 praetura
1533 2038 1629 2077 sun-

207 2130 392 2172 geretur,
435 2132 457 2156 a
488 2113 698 2155 Suetonio
732 2112 985 2167 Tranquillo
1016 2114 1235 2168 proditum
1269 2126 1329 2154 est
1360 2114 1454 2156 libr.
1495 2116 1546 2155 de
1578 2115 1630 2155 il-

207 2196 324 2236 lustr.
359 2193 590 2233 Grammat.
623 2207 709 2246 cap.
743 2190 779 2232 7.
841 2191 950 2231 Sane
980 2189 1023 2229 in
1053 2190 1129 2230 hac
1154 2191 1333 2231 Achaica
1362 2192 1627 2234 remansione

205 2270 548 2327 Nicopolitanam
571 2269 607 2324 ¹)
650 2266 878 2307 editionem
918 2278 1086 2307 nactum
1118 2267 1243 2308 fuisse
1278 2268 1508 2320 Origenem
1540 2287 1629 2311 cre-

208 2349 339 2391 dibile
372 2359 458 2401 est;
492 2363 675 2387 caussam
705 2345 809 2386 hanc
839 2343 998 2384 itineris
1029 2345 1234 2396 habuisse,
1263 2362 1350 2387 non
1380 2347 1496 2389 item.

327 2537 365 2594 ¹)
401 2534 701 2585 caracallae,
748 2534 886 2589 inquit
924 2532 1186 2588 Epiphanius
1227 2533 1297 2574 lib.
1340 2535 1391 2574 de
1422 2536 1551 2590 pond.
1586 2522 1626 2576 et

207 2623 337 2649 mens.
370 2623 459 2662 cap.
494 2603 578 2655 18„
617 2601 817 2646 succedit
858 2602 1121 2645 Antoninus
1152 2604 1290 2652 alius,
1323 2607 1403 2659 qui
1427 2607 1625 2661 impera-

209 2680 276 2721 vit
316 2688 462 2721 απηοε
498 2674 528 2717 Ι
535 2674 577 2718 V.
659 2674 850 2718 Secutus
887 2679 955 2715 est
993 2671 1268 2719 Alexander
1293 2673 1430 2730 filius
1468 2676 1623 2718 Mana-

211 2760 373 2792 maeae
403 2746 538 2791 annis
569 2743 694 2788 XIII.
763 2743 818 2786 In
858 2741 1002 2785 medio
1043 2750 1295 2799 temporum
1334 2745 1539 2796 illorum,
1578 2747 1627 2789 ἐν

210 2824 335 2877 μέσῳ
366 2821 454 2863 τῶν
478 2812 663 2874 χρόνων
688 2812 882 2867 τούτων,
922 2811 1060 2856 editio
1099 2821 1261 2868 sexta,
1300 2827 1414 2871 quae
1452 2822 1499 2858 et
1526 2817 1626 2872 ipsa
