1759 3125
224 67 308 113 376
787 66 1023 111 Excnnsus
1063 69 1094 110 I.

234 183 310 227 σὶν
341 176 440 239 ἅμα
472 178 754 233 ἓνεστηκυῖαι
787 183 980 230 αῗωνίως
1019 185 1113 231 τοῖς
1153 181 1206 226 δι’
1251 182 1390 231 αὑτὰς
1427 184 1540 232 υἱοῖς
1579 186 1656 228 τοῦ

233 255 397 318 ([ωτός.
456 259 554 298 Non
586 257 818 298 verendum
851 270 925 309 est,
958 274 1024 309 ne,
1058 259 1158 299 dum
1188 260 1489 302 sanctissimam
1519 260 1662 304 Trini-

234 348 389 386 tatem,
428 336 505 376 sub
545 333 725 386 imagine
756 335 886 376 trium
918 335 1084 377 dierum
1114 336 1242 377 simul
1274 337 1558 379 exsistentium
1591 339 1663 377 de-

237 413 407 462 scribit,
448 423 532 452 tres
570 411 821 453 substantias
863 413 1048 455 inducat.
1117 413 1226 455 Satis
1265 430 1474 471 superque
1507 431 1553 455 ex
1586 414 1664 464 his,

239 505 347 546 quae
377 489 509 529 modo
543 488 691 539 attuli,
729 501 915 545 spectata
957 501 998 530 et
1040 490 1258 544 explorata
1296 502 1357 531 est
1387 491 1501 532 illius
1533 508 1579 532 oa
1612 492 1663 530 de

237 582 283 607 re
313 564 543 617 sententia3
574 566 649 606 sed
679 565 801 624 hujus
832 566 1012 622 triplicis
1044 565 1130 606 diei
1161 567 1263 608 haec
1293 567 1354 607 vis
1391 580 1432 608 et
1461 567 1665 608 sententia

239 655 316 695 est,
346 656 394 684 ut
424 659 700 700 quaecunque
732 645 783 684 ab
814 655 987 684 aeterno
1019 645 1192 685 suerunt
1221 644 1264 685 in
1298 644 1446 695 Patre,
1478 661 1525 685 ea
1555 645 1666 700 pari-

238 732 303 762 ter
331 720 375 762 in
402 720 521 762 Filio
554 732 596 761 et
625 720 790 776 Spiritu
820 733 964 762 sancto
999 721 1201 762 exstitisse
1231 722 1282 761 ab
1314 733 1484 762 aeterno
1511 720 1668 761 intelli-

236 815 394 853 gamus.
453 798 565 839 Hinc
596 798 723 841 Tom.
754 799 848 841 XV.
880 815 997 842 num.
1031 798 1100 842 31.
1130 815 1257 839 unam
1289 799 1424 850 diem,
1454 815 1666 854 unamque

238 877 369 917 vitam
404 876 582 928 assignat
620 875 761 926 Patri,
808 887 850 917 et
892 876 1010 917 Filio
1054 888 1096 917 et
1136 876 1318 932 Spiritui
1357 888 1515 918 sancto.
1573 879 1667 918 Καὶ

238 951 337 1011 ὅρα,
367 951 507 1009 inquit
540 953 607 994 ed.
638 964 770 995 nostr.
801 953 927 996 Tom.
959 954 1033 996 III.
1064 970 1158 1010 pag.
1189 953 1312 1004 393„
1357 956 1396 997 εἰ
1425 951 1666 1010 δυνάμεθα

239 1029 320 1074 τὸν
352 1028 460 1074 ὅλον
492 1031 715 1074 ἐνεστῶτα
746 1033 892 1074 αἰῶνα
922 1029 1099 1088 ἡμέραν
1129 1029 1229 1074 τινὰ
1262 1034 1432 1086 εἰπεῖν,
1461 1029 1669 1087 μεγάλην

238 1109 327 1166 μὲν
357 1105 417 1157 ὠς
445 1105 560 1163 πρὸς
590 1105 733 1164 ἡμᾶς,
777 1107 949 1166 μικρὰν
993 1110 1048 1152 δέ
1083 1126 1184 1152 τινα
1223 1111 1299 1151 καὶ
1331 1108 1667 1167 ὀλιγοχρόνιον,

241 1183 299 1234 ὦς
328 1183 442 1243 πρὸς
472 1183 555 1239 τὴν
586 1188 665 1228 τοῦ
696 1189 825 1240 θεοῦ,
859 1189 935 1228 καὶ
965 1188 1045 1229 τοῦ
1070 1190 1286 1242 Χριστοῦ,
1317 1189 1393 1229 καὶ
1421 1188 1499 1228 τοῦ
1528 1184 1668 1242 ἁγίου

236 1261 498 1318 πνεύματος
528 1261 658 1317 ζωήν.
721 1263 890 1304 Ibidem
923 1281 1054 1304 unum
1086 1263 1317 1318 imperium
1355 1263 1546 1304 attribuit
1575 1264 1672 1304 Tri-

237 1339 372 1389 nitati‚
405 1355 582 1395 eamque
614 1351 739 1381 vocat
769 1340 962 1396 ἀρχικήν
993 1341 1160 1390 Triada,
1190 1341 1536 1396 imperatricem
1570 1340 1672 1382 Tre?-

240 1420 453 1459 m'talem.
511 1417 788 1458 Adorandam
829 1417 1082 1459 Trinitatem
1127 1418 1317 1475 appellat
1357 1418 1483 1459 Torn.
1515 1418 1588 1459 Vl.
1627 1418 1670 1459 in

240 1496 394 1537 Joann.
424 1511 539 1536 num.
573 1495 642 1538 17.

354 1572 559 1614 Pluribus
590 1573 698 1614 locis
729 1574 858 1614 docet
889 1572 1108 1626 Origenes,
1138 1584 1222 1614 tres
1251 1589 1452 1629 personas
1484 1590 1505 1614 a
1537 1589 1579 1614 se
1608 1573 1672 1614 in-

243 1649 381 1691 vicem
413 1650 598 1706 separari
628 1668 717 1691 non
738 1667 876 1707 posse.
922 1650 977 1693 Sc·
1002 1652 1178 1702 anima,
1209 1650 1349 1707 inquit
1372 1651 1534 1692 Homil.
1556 1651 1673 1694 VlH.

242 1727 287 1769 in
316 1729 474 1770 Jerem.
507 1745 624 1770 num.
657 1729 718 1779 1.‚
760 1741 852 1769 non
893 1726 1034 1770 habet
1063 1729 1216 1772 Deum
1246 1729 1464 1780 Patrem,
1503 1731 1548 1770 εἰ
1580 1741 1672 1770 non

244 1805 384 1847 habet
415 1804 587 1848 Filium
618 1803 867 1848 dicentem:
910 1805 1028 1858 „Ego
1052 1806 1091 1862 ¹)
1135 1818 1176 1847 et
1214 1806 1342 1847 Pater
1372 1806 1588 1847 veniemus
1620 1808 1673 1847 ad

245 1899 355 1935 eum,
388 1895 430 1924 et
457 1883 725 1925 mansionem
751 1883 865 1939 apud
907 1899 1004 1924 eum
1043 1882 1301 1924 faciemus:“
1341 1885 1383 1925 εἰ
1407 1897 1497 1925 non
1533 1886 1674 1926 habet

248 1959 477 2016 Spiritum
506 1967 748 2011 sanctum,
788 1962 948 2003 am'ma
979 1959 1163 2004 deserta
1193 1968 1275 2006 est.
1326 1961 1559 2003 Habitum
1590 1975 1673 2002 au-

246 2045 337 2080 tem
367 2044 459 2088 est,
500 2035 682 2092 quando
719 2037 862 2094 plena
891 2045 959 2079 est
990 2038 1112 2089 Deo,
1152 2036 1332 2094 quando
1371 2038 1512 2080 habet
1545 2038 1676 2081 Claerc’-

244 2121 382 2165 stum,
414 2121 460 2155 et
489 2113 714 2170 Spiritum
745 2123 972 2158 sanctum.
1053 2116 1215 2158 rerum
1257 2115 1371 2158 llaec
1401 2114 1676 2170 defferenter

244 2200 292 2235 et
321 2195 451 2234 varie
480 2189 802 2246 z'nScrt'ptzcre‘S
833 2190 1067 2244 dicuntur,
1097 2195 1145 2234 in
1177 2196 1337 2235 aalma
1368 2192 1561 2236 hominis
1585 2195 1677 2236 Pa-

248 2276 394 2320 trem,
434 2277 479 2312 et
524 2268 719 2319 Filium,
764 2275 810 2310 et
848 2268 1073 2324 Spiritum
1121 2279 1336 2313 sanctum
1385 2276 1674 2314 commorari.

248 2348 372 2391 Nam
409 2354 456 2390 et
494 2344 656 2389 David
693 2348 742 2388 in
780 2346 967 2388 Psalmo
1007 2347 1303 2402 confessionis²
1342 2356 1436 2391 tres
1474 2349 1677 2406 Spiritus

245 2425 475 2483 postulat,
520 2422 697 2466 dicens:
736 2425 986 2481 „Spiritu²)
1034 2425 1262 2481 principali
1309 2428 1512 2468 confirma
1549 2435 1673 2470 me:“

248 2502 543 2558 ‚,Spiritum³)
587 2513 751 2542 rectum
791 2502 945 2544 innova
975 2502 1018 2543 in
1049 2503 1277 2545 visceribus
1308 2505 1472 2546 meis:“
1514 2505 1677 2562 „Spirie

373 2730 413 2785 ¹)
446 2728 533 2770 Cfr.
567 2744 630 2769 ev.
661 2729 811 2771 Joann.
839 2730 952 2782 XIV,
984 2731 1050 2775 23.

373 2800 416 2855 2)
447 2800 601 2843 Psalm.
634 2801 704 2851 LI,
736 2801 802 2845 12.
834 2802 922 2858 (L.)
1042 2802 1082 2859 ³)
1114 2803 1270 2847 Psalm.
1301 2803 1370 2858 LI,
1405 2802 1469 2847 10.
1501 2805 1589 2859 (L.)

1746 210 1757 229 ἱ
