1759 3125
460 95 850 136 OfflGEMANoaUM
887 95 1027 135 Lmen
1059 94 1090 134 I.
1429 96 1484 141 33

72 207 322 259 Elagabalo:
355 223 449 246 cum
480 205 694 246 Ambrosii
733 204 1051 246 conversionem
1081 206 1352 261 praecesserit
1381 207 1481 247 haec

76 283 269 336 Origenis
299 282 466 323 reditio.
526 283 656 323 Plane
690 299 766 323 suo
797 281 876 322 sibi
908 282 1049 334 gladio
1079 280 1302 339 jugulatur.

184 361 233 400 V.
294 358 507 411 Iisdem')
559 360 646 399 fere
692 358 955 414 temporibus
1002 359 1228 400 militarem
1265 356 1483 398 hominem

74 435 367 477 Alexandriam
405 434 535 475 mittit
574 435 750 476 Arabiae
788 452 973 490 praeses,
1014 453 1111 477 cum
1155 434 1288 476 literis
1317 435 1367 475 ad
1398 434 1485 475 De-

72 513 270 554 metrium
312 513 581 568 episcopum,
626 525 667 553 et
706 514 756 552 ad
799 513 975 570 Aegypti
1011 515 1295 569 praefectum,
1334 511 1483 568 quibus

74 591 341 631 vehementer
372 592 538 640 orabat,
586 590 813 642 Origenem
845 591 896 630 ad
926 607 969 630 se
1001 589 1223 630 confestim
1253 589 1483 639 mitterent,

74 668 181 708 velle
212 684 254 708 se
287 669 338 707 de
368 669 491 708 rebus
524 667 672 707 divinis
717 684 810 707 cum
852 683 901 708 eo
936 667 1271 716 communicare,
1312 664 1483 723 ejusque

73 744 289 785 doctrinae
319 744 410 785 fieri
441 744 706 800 participem.
774 744 1060 800 Aequissimae
1098 742 1375 800 postulationi
1413 758 1485 783 an-

69 821 162 862 nuit
198 834 389 877 uterque.
456 822 682 874 Ablegatus
720 822 771 862 ad
814 837 908 862 eum
949 821 1150 862 continuo
1191 820 1415 874 Origenes,
1444 831 1486 861 et

72 915 117 939 re
146 897 331 939 feliciter
362 898 568 954 explicata
594 898 889 938 Alexandriam
919 897 1006 939 sine
1038 914 1158 939 mora
1189 914 1378 939 reversus
1409 909 1482 938 est.

72 975 203 1029 Quod
234 987 373 1016 autem
405 975 549 1016 asserit
570 975 807 1025 Halloxius,
837 976 1011 1016 minime
1043 975 1219 1016 dubium
1251 990 1351 1025 esse,
1380 974 1482 1031 quin

70 1053 122 1093 ad
152 1051 406 1092 audiendum
437 1052 719 1110 Hippolytum
759 1052 803 1093 in
845 1052 1021 1093 ecclesia
1062 1053 1240 1108 quadam
1271 1053 1398 1093 verba
1424 1052 1484 1093 fa-

71 1129 250 1170 cientem
290 1146 368 1184 per
406 1128 449 1170 id
491 1141 656 1184 tempus
687 1130 888 1170 accedens
920 1129 1136 1181 Origenes,
1167 1129 1403 1182 designatus
1432 1130 1483 1170 ab

72 1223 136 1256 eo,
169 1218 209 1247 et
241 1205 414 1247 honoris
445 1205 573 1258 gratia
603 1206 863 1247 adstantibus
893 1206 1021 1247 suerit
1050 1218 1318 1257 monstratus,
1348 1218 1395 1247 ut
1425 1207 1484 1247 fa-

70 1296 180 1324 ctum
213 1285 342 1324 refert
382 1283 666 1341 Hieronymus
708 1284 800 1325 libr.
841 1285 892 1324 de
931 1283 1171 1340 scriptorib.
1215 1284 1482 1326 ecclesiastic.

69 1360 109 1400 in
129 1361 381 1418 Hippolyto,
413 1360 572 1414 indiget
602 1360 645 1402 id
677 1361 847 1417 quidem
878 1361 1153 1417 probatione:
1189 1379 1284 1404 cum
1298 1362 1339 1416 2)
1372 1361 1482 1403 enim

188 1579 226 1631 ¹)
260 1578 345 1619 Cfr.
377 1579 528 1619 Euseb.
562 1578 668 1618 Hist.
702 1577 851 1618 eccles.
883 1578 956 1619 lib.
987 1578 1058 1619 Vl.
1091 1594 1180 1633 cap.
1214 1577 1279 1620 19.

182 1648 225 1701 2)
257 1647 461 1702 Sequitur
490 1646 672 1687 Huetius
709 1647 965 1697 Baronium,
1010 1647 1084 1702 qui
1119 1648 1173 1688 ad
1203 1663 1295 1689 ann.
1328 1647 1483 1690 Christi

66 1702 161 1746 229.
193 1714 311 1758 putat
341 1720 536 1755 magnum
565 1703 876 1761 Hippolytum,
918 1705 969 1744 de
1009 1720 1093 1759 quo
1132 1703 1200 1744 hic
1238 1703 1392 1756 agitur,
1435 1721 1484 1745 ex

72 1759 221 1799 Arabia
253 1760 493 1809 excessisse,
535 1760 717 1800 Romam
748 1760 929 1810 venisse,
971 1771 1012 1800 et
1041 1776 1063 1800 a
1095 1760 1259 1802 Calixto
1288 1760 1403 1816 Papa
1431 1762 1484 1802 ad

69 1815 360 1870 episcopatum
400 1816 677 1856 Portuensem
720 1828 911 1856 evectum
952 1816 1100 1868 fuisse,
1149 1816 1294 1871 ibique
1331 1830 1484 1875 marty-

66 1872 175 1911 rium
208 1871 372 1917 obiisse,
433 1873 591 1912 Verum
634 1872 748 1929 cujus
787 1872 872 1912 loci
910 1872 1172 1932 Hippolytus
1220 1872 1348 1914 fuerit
1395 1874 1484 1929 epi-

67 1945 241 1983 scopus,
272 1945 350 1969 nec
381 1928 665 1985 Hieronymus
706 1928 848 1978 scivit,
879 1940 926 1968 ut
959 1929 1049 1984 ipse
1080 1928 1268 1982 agnoscit
1301 1929 1342 1969 in
1375 1941 1484 1971 cata-

65 1985 163 2036 logo
197 1985 451 2040 scriptorum
484 1985 864 2025 ecclesiasticorum
905 2001 993 2040 cap.
1025 1984 1094 2028 61.
1133 1984 1326 2025 Gelasius
1355 1986 1427 2027 lib.
1454 1989 1484 2028 I.

68 2051 212 2081 contra
239 2041 482 2100 Eutychen,
521 2041 810 2099 Hippolytum
849 2053 974 2082 vocat
1012 2043 1198 2082 Arabum
1229 2042 1487 2099 Metropoli·

65 2108 220 2138 tanum.
284 2101 337 2138 At
364 2096 571 2138 Eusebius
609 2098 680 2139 lib.
715 2099 782 2138 VI.
825 2098 979 2138 Histor.
1021 2100 1171 2139 eccles.
1214 2114 1303 2153 cap.
1335 2098 1402 2142 20.
1432 2100 1486 2141 si-

66 2154 154 2193 mul
187 2154 238 2194 de
269 2154 506 2210 Hippolyto
539 2165 581 2194 et
612 2155 663 2194 de
695 2154 867 2211 Beryllo
898 2154 1153 2195 Bostrorum
1185 2153 1387 2211 episcopo
1423 2156 1486 2197 lo-

68 2209 221 2264 quitur.
306 2215 512 2253 Bostrena
560 2212 658 2251 urbs
711 2211 891 2251 Arabiae
943 2223 1043 2251 tunc
1092 2222 1179 2251 erat
1220 2213 1487 2267 metropoliS.

69 2266 184 2317 Ergo
218 2283 311 2306 cum
346 2266 593 2322 episcopum
634 2267 827 2307 habuerit
867 2266 1107 2325 Beryllum,
1141 2267 1221 2308 alia
1252 2270 1488 2323 quaerenda

69 2333 129 2362 est
160 2322 400 2380 Hippolyto
432 2324 706 2378 metropolis,
759 2340 883 2379 quam
920 2340 998 2364 nec
1038 2324 1323 2382 Hieronymus
1352 2328 1486 2375 novit,

67 2394 144 2418 nec
174 2379 401 2428 Eusebius,
443 2395 580 2434 neque
620 2380 932 2421 Theodoretus.
1004 2380 1125 2434 Quae
1168 2398 1262 2421 cum
1295 2381 1352 2422 ita
1391 2382 1486 2431 sint,

69 2450 224 2490 aequus
255 2452 395 2476 rerum
417 2437 659 2475 aestimator
678 2435 849 2493 judicet,
883 2453 1086 2492 quaenam
1102 2438 1290 2478 habenda
1314 2438 1368 2479 sit
1384 2439 1487 2479 fides

70 2492 374 2532 recentioribus
406 2491 698 2546 scriptoribus,
732 2493 919 2545 Georgio
952 2505 1052 2548 puta
1071 2494 1269 2550 Syncello
1292 2494 1333 2534 in
1355 2495 1487 2536 Chro-

67 2546 178 2597 nico,
209 2548 452 2603 Nicephoro
477 2548 666 2599 Callisto,
698 2550 903 2599 Zonarae,
937 2561 978 2589 et
1013 2550 1228 2590 Anastasio
1258 2550 1490 2591 bibliothe-

71 2602 181 2642 cario
214 2604 256 2644 in
296 2604 599 2654 Collectaneis,
649 2606 719 2660 qui
760 2606 1045 2663 Hippolytum
1083 2606 1360 2647 Portuensem
1401 2607 1488 2661 epi·

70 2673 245 2712 scopum
276 2661 402 2701 fuisse
433 2660 631 2701 scribunt.
705 2662 822 2716 Quid
863 2663 962 2702 item
1003 2663 1076 2703 fiet
1114 2663 1166 2703 de
1197 2664 1240 2704 S.
1272 2664 1485 2704 Germano

70 2713 540 2772 Constantinopolitano
598 2719 858 2759 mentionem
915 2719 1093 2759 faciente
1151 2719 1391 2775 Hippolyti
1434 2717 1488 2759 de

70 2768 254 2811 Roma?
285 2771 400 2825 Quid
431 2774 482 2813 de
513 2774 692 2814 Leontio
719 2775 941 2832 Byzantio,
973 2775 1047 2830 qui
1078 2776 1201 2816 Tom.
1227 2776 1301 2815 XI.
1333 2775 1488 2814 biblio-

70 2825 178 2870 thec,
207 2826 319 2867 Patr.
349 2844 440 2882 pag.
472 2828 565 2872 503.
602 2843 792 2872 sanctum
833 2832 1097 2873 Clementem
1129 2843 1168 2871 et
1206 2832 1487 2886 Hippolytum

75 2902 296 2944 Ome-ms
331 2903 500 2946 OPERA.
533 2906 654 2947 Tom.
686 2907 828 2946 XXII.
1191 2906 1216 2949 3
