1759 3125
477 101 864 142 ORIGENIANORUM
892 101 1034 142 mez
1055 102 1109 143 II.
1403 102 1484 148 185

84 227 202 264 namg
229 211 440 267 prodeunt
469 223 628 252 creatae
666 227 731 252 res
767 227 845 266 per
872 210 1172 266 temporariam
1213 211 1481 257 creationem.

84 288 179 328 Hoc
209 304 342 337 sensu,
372 304 455 343 quo
488 287 586 339 dixi,
615 303 765 327 vocem
796 287 1008 344 ἀγένητος
1047 303 1070 328 a
1107 288 1330 329 Veteribus
1367 307 1485 331 usur-

83 375 222 418 patam
250 363 395 404 scribit
424 364 688 405 Athanasius:
710 364 746 418 ¹)
791 364 882 406 Οὐκ
914 364 1180 421 ἀγνοοῦμεν
1211 365 1274 419 δὲ,
1309 363 1376 409 ὅτι
1407 370 1485 409 καὶ

83 442 126 481 οἱ
154 437 372 495 εἶρηκότες
401 440 449 484 ἓν
479 440 527 484 τὸ
559 440 802 498 ἀγένητον,
833 441 912 484 τὸν
941 445 1113 498 πατέρα
1147 444 1365 498 λέγοντες,
1400 442 1485 499 οὐχ

79 512 138 563 ὠς
165 519 355 572 γενητοῦ
385 521 460 560 καὶ
489 517 740 576 ποιήματος
769 515 895 567 ὄντος
923 520 1002 561 τοῦ
1023 516 1163 574 λόγου
1190 517 1327 568 οὕτως
1343 521 1484 579 ἔγρα-

80 601 189 648 ψαν,
222 593 312 636 ἀλλ’
347 593 413 638 ὅτι
451 597 514 652 μὴ
555 597 643 652 ἔχει
681 595 760 640 τὸν
792 599 947 638 αἴτιον.
1005 596 1174 636 Patrem
1205 596 1365 637 dictum
1397 614 1483 639 esse

79 668 136 709 ait
166 669 398 725 ἀγένητον,
430 673 524 728 quia
555 674 605 713 ab
636 672 718 712 alio
756 689 842 713 non
872 673 997 712 habet
1026 684 1072 712 ut
1100 672 1172 713 sit:
1213 671 1375 713 Filium
1412 691 1484 714 au-

78 756 165 787 tem
195 747 384 804 γειιητὸν
414 766 500 791 esse
530 761 650 802 negat
680 750 754 790 hac
783 749 975 800 notione,
1006 750 1121 805 quod
1151 751 1202 790 ab
1233 750 1317 790 alio
1349 752 1483 793 factus

77 823 151 865 sit:
182 827 256 866 sed
285 843 370 867 non
397 839 518 879 negat
545 824 736 883 γενητόν
773 842 860 866 esse
892 826 972 867 alia
999 827 1201 877 notione,
1232 843 1278 868 ea
1307 829 1483 880 scilicet,

79 918 202 957 quam
238 903 431 955 indicavi,
463 904 577 959 quod
607 904 657 943 ab
688 902 771 943 alio
804 904 953 944 habeat
981 914 1028 943 ut
1056 903 1131 956 sit,
1170 920 1257 945 non
1286 920 1484 962 tanquam

77 995 142 1018 res
171 980 292 1029 facta,
321 981 396 1021 sed
425 992 638 1036 tamquam
667 997 732 1021 res
762 982 909 1032 genita.
967 983 1108 1036 Atque
1146 980 1203 1021 ita
1231 982 1366 1024 Filius
1399 984 1484 1025 dici

75 1067 218 1111 potest
245 1056 476 1113 ἀγένητος,
527 1057 598 1113 qui
629 1060 679 1098 ab
711 1058 795 1098 alio
835 1074 920 1098 non
960 1058 1086 1098 habet
1125 1070 1172 1099 ut
1210 1059 1285 1110 sit,
1327 1076 1483 1117 nempe

75 1143 270 1188 tanquam
299 1151 417 1189 opus,
448 1149 521 1174 seu
550 1150 614 1174 res
647 1135 774 1185 facta,
814 1135 882 1175 vel
913 1147 1109 1191 tanquam
1147 1151 1212 1176 res
1244 1149 1400 1179 creata:
1442 1151 1484 1180 et

76 1209 279 1266 γενητός,
323 1211 395 1267 qui
438 1212 489 1251 ab
528 1211 611 1252 alio
651 1213 776 1252 habet
814 1224 860 1252 ut
893 1212 967 1263 sit,
1005 1229 1158 1268 nempe
1189 1225 1387 1269 tanquam
1416 1233 1482 1257 res

75 1287 210 1338 genita
242 1299 283 1328 et
311 1288 460 1329 Filius.
519 1288 589 1331 Sic
620 1288 836 1340 Origenes,
869 1290 940 1344 qui
969 1289 1160 1346 γενητὸν
1198 1290 1308 1335 θεὸν
1337 1295 1485 1349 appel-

74 1365 178 1405 lasse
229 1366 388 1406 Filium
438 1366 727 1418 insimulatur,
778 1377 818 1406 et
867 1366 939 1422 qui
987 1367 1114 1407 Tom.
1157 1368 1212 1409 II.
1255 1369 1298 1409 in
1328 1372 1482 1414 Joann.

73 1459 187 1483 num.
220 1442 257 1485 6.
288 1444 457 1483 credere
487 1458 530 1482 se
562 1442 666 1482 dixit
696 1442 944 1497 ἀγέννητον
976 1445 1235 1499 (legendum,
1267 1446 1334 1486 vel
1369 1460 1481 1489 certe

71 1520 418 1572 intelligendum:
449 1518 688 1575 ἀγένητον)
728 1521 874 1575 μηδὲν
912 1520 1063 1576 ἕτὲρον
1101 1524 1180 1564 τοῦ
1217 1523 1386 1581 πατρὸς
1414 1523 1484 1569 εἷ..

74 1615 162 1653 ναι,
195 1600 277 1639 hoc
308 1609 380 1646 est,
412 1613 542 1636 unum
571 1597 739 1637 Patrem
770 1596 982 1651 principio
1016 1614 1179 1649 carere,
1209 1616 1286 1641 nec
1315 1604 1366 1642 ab
1396 1603 1480 1644 alio

71 1676 224 1716 habere
255 1686 300 1714 ut
329 1675 393 1724 sit,
424 1673 584 1714 Filium
616 1684 754 1713 tamen
777 1673 996 1730 ἀγένητον
1016 1687 1137 1715 vocat
1165 1675 1258 1719 libr.
1278 1679 1349 1728 Vl,
1380 1697 1480 1721 con-

70 1765 134 1794 tra
167 1752 274 1793 Cels.
305 1768 420 1792 num.
454 1751 519 1794 17.
581 1747 690 1794 Οὔτε
727 1749 815 1809 γὰρ
856 1750 934 1793 τὸν
973 1751 1192 1808 ἀγένητον
1229 1759 1306 1797 καὶ
1335 1755 1484 1813 πάσης

73 1832 261 1888 γενητῆς
291 1829 468 1887 ᾳὺσεως
496 1826 786 1885 πρωτότοκον
816 1828 907 1871 κατ’
941 1828 1073 1878 ἀξίαν
1104 1831 1270 1873 εἰδέναι
1301 1849 1364 1881 τις
1394 1832 1480 1877 δύ..

75 1924 220 1962 ναται,
253 1905 310 1954 ὠς
341 1905 362 1948 ὁ
394 1903 617 1962 γεννήσας
647 1905 786 1947 αὐτὸν
815 1904 975 1960 πατήρ.
1034 1907 1131 1947 Illic
1163 1907 1382 1963 ἀγένητον
1410 1927 1480 1951 so..

71 1997 163 2026 nat:
194 1997 282 2025 non
310 1984 531 2037 factum,
576 1994 667 2022 non
707 1989 928 2023 creatum.
995 1982 1106 2023 Hinc
1145 1996 1284 2026 natam
1325 1989 1481 2044 opinor

70 2063 251 2120 primam
292 2077 312 2100 e
353 2059 712 2101 criminationibus
753 2060 948 2100 adversus
999 2060 1227 2112 Origenem
1277 2066 1480 2118 conflatis,

72 2157 170 2197 quas
198 2138 444 2195 Pamphilus
481 2137 524 2176 in
562 2136 773 2192 Apologia
809 2149 1011 2179 recenset.
1077 2138 1241 2181 Prima
1276 2141 1360 2183 illa
1396 2151 1480 2198 est,

70 2218 218 2274 inquit,
249 2215 368 2272 quod
396 2214 577 2267 decant,
615 2228 716 2256 eum
755 2218 966 2256 innatum
997 2213 1148 2257 dicere
1177 2216 1345 2259 Fc'le'um
1374 2220 1479 2263 Dei.

68 2295 245 2336 Dixerat
267 2309 420 2349 nempe
440 2292 643 2344 Origenes
675 2293 905 2348 ἀγένητον,
938 2294 1053 2347 quod
1083 2293 1211 2349 ipsius
1241 2297 1480 2349 adversarii,

70 2371 322 2414 contentiosi
353 2369 542 2410 homines
574 2381 615 2411 et
644 2370 793 2419 rixosi,
834 2371 1116 2411 confuderunt
1155 2388 1250 2412 cum
1281 2372 1480 2430 ἀγέννη-

69 2466 171 2501 τον,
210 2461 256 2489 ut
285 2464 424 2489 ansam
464 2448 664 2489 haberent
706 2447 948 2488 calumniae.
1009 2448 1166 2489 Contra
1199 2465 1296 2490 vero
1329 2452 1482 2493 Socra-

71 2540 132 2568 tes
163 2529 214 2568 de
244 2525 426 2567 Eusebio
460 2525 636 2582 loquens
666 2525 820 2566 merito
851 2524 972 2565 dixit:
1010 2526 1278 2583 (θαυμαστὴς
1307 2533 1382 2572 καὶ
1405 2533 1481 2585 ζη-

74 2603 211 2657 λωτὴς
241 2605 415 2659 ἐγένετο
447 2606 536 2646 τῶν
566 2602 823 2659 Ὼριγένους
859 2606 1072 2659 βιβλίων·
1115 2606 1164 2648 ἐν
1205 2601 1269 2655 οἷς
1297 2624 1478 2652 παντα-

394 2748 402 2767 Ι

195 2825 233 2881 ¹)
266 2825 351 2867 Cfr.
385 2824 577 2866 Athanas.
609 2827 659 2868 dc
690 2825 859 2884 synodis
889 2826 1089 2870 Ariminis
1121 2838 1162 2869 et
1191 2829 1420 2873 Seleuciae.
