1759 3125
448 74 839 118 efflemsi-onom
871 73 1015 117 Lmen
1043 73 1100 115 Π.
1384 73 1469 119 245

56 189 307 238 Christum,
340 192 388 229 ut
421 183 618 228 liberari
641 186 815 240 possint
846 185 989 226 etiam
1020 182 1089 234 bi,
1121 195 1226 239 quos
1258 185 1305 223 in
1333 197 1471 238 prae-

51 268 174 308 senti
208 267 306 307 vita
344 261 698 319 dispensationis
747 261 844 316 ejus
891 257 1121 302 medicina
1166 271 1340 301 sanare
1380 273 1473 302 non

44 343 209 400 potuit.
268 340 324 381 Et
354 339 482 395 paulo
516 350 637 394 post:
669 336 760 380 Sed
789 336 855 380 ad
880 336 1009 393 baec,
1041 337 1190 393 inquit,
1221 348 1302 377 nos
1325 337 1471 379 breci-

51 427 134 469 ter,
158 422 302 474 prout
326 429 585 473 possumus,
626 412 1008 472 respondebimus.
1068 414 1261 457 Manere
1291 412 1471 471 quidem

50 502 251 538 naturae
288 491 569 537 rationabili
614 506 791 549 semper
836 490 1031 537 liberum
1077 489 1328 534 arbitrium
1377 504 1470 534 non

48 585 283 629 negamus,
313 570 396 613 sed
422 578 610 613 tantam
639 583 732 612 esse
763 572 852 612 vim
877 571 1024 612 crucis
1056 568 1242 622 Christi,
1273 578 1318 612 et
1350 584 1471 613 mor-

49 653 107 692 tis
136 649 283 704 liujus,
314 663 449 705 quam
472 652 520 690 in
542 649 830 690 saeculoram
845 647 951 703 fine
968 650 1178 704 suscepit,
1210 650 1472 705 asserimus,

47 728 157 784 ut¹)
190 725 256 769 ad
279 728 534 769 sanitatem
573 733 618 768 et
656 723 908 768 remedium
947 739 1034 767 non
1073 725 1217 767 solum
1249 739 1471 781 praesen-

49 807 108 846 tis
138 812 183 847 et
199 804 381 859 fleturi,
410 802 493 847 sed
519 805 660 848 etiam
685 806 1052 860 praeteritorum
1081 805 1396 855 saeculorum;
1425 812 1471 848 et

48 895 139 923 non
169 881 313 923 solum
345 879 542 923 humano
575 880 679 923 ltuic
710 887 866 923 nostro
898 878 1064 932 ordini,
1096 878 1177 923 sed
1200 882 1344 923 etiam
1375 895 1471 924 coe-

47 956 232 1000 lestibus
260 956 531 1013 virtutibus,
571 956 888 1014 ordinibusque
926 957 1150 1013 sufficiat.
1209 957 1472 1003 Secundum

47 1037 327 1078 sententiam
361 1048 553 1091 namque
583 1036 723 1092 ipsius
751 1035 895 1078 Pauli
908 1033 1118 1091 Apostoli·
1148 1033 1357 1078 Christus
1384 1051 1469 1093 pa.

49 1114 246 1164 cilicam't
264 1113 304 1169 2)
329 1126 419 1169 per
448 1115 726 1170 sanguinem
753 1115 900 1155 crucis
918 1125 1043 1167 suae,
1075 1125 1166 1154 non
1185 1112 1331 1155 solum
1356 1126 1471 1169 quae

47 1193 95 1232 in
125 1197 258 1232 terra
288 1197 411 1245 sunt,
441 1188 523 1232 secl
557 1197 602 1231 et
641 1203 754 1246 quae
795 1193 843 1233 in
876 1190 1030 1232 coelis.-
1062 1189 1130 1231 vel
1161 1189 1234 1231 ille
1267 1206 1288 1230 e
1320 1190 1394 1233 lib.
1427 1190 1466 1233 2.

49 1272 152 1326 περὶ
184 1268 349 1327 ἀρχῶν,
382 1284 470 1324 cap.
501 1267 539 1312 3.
572 1285 686 1309 num.
710 1268 747 1311 5.
794 1268 943 1311 Docet
977 1273 1149 1323 autem,
1179 1266 1332 1323 inquit,
1362 1280 1470 1309 san-

48 1352 146 1388 ctus
176 1345 433 1401 Apostolus,
463 1344 582 1400 quod
612 1344 819 1388 Christus
846 1348 893 1388 in
912 1358 962 1388 eo
983 1345 1178 1396 saeculo,
1210 1342 1332 1400 quod
1358 1352 1471 1388 ante

49 1423 130 1465 lioc
147 1422 270 1477 fuit,
302 1435 391 1464 non
423 1428 488 1464 est
515 1435 693 1479 passus,
724 1424 804 1465 secl
831 1435 914 1465 nec
942 1423 992 1464 in
1024 1421 1101 1463 illo
1133 1419 1325 1477 quidem,
1357 1420 1476 1478 quod

50 1507 161 1542 ante
198 1502 345 1556 ipsum
370 1498 500 1554 ficit:
542 1507 588 1541 et
628 1501 775 1542 nescio
813 1501 856 1542 si
902 1510 1176 1540 enumerare
1221 1497 1472 1554 sufficiam,

50 1584 227 1634 quanta
262 1577 515 1635 fuerunt-³)
559 1579 804 1619 anteriora
844 1575 1052 1626 saecula,
1092 1576 1140 1616 in
1181 1577 1340 1630 quibus
1363 1590 1474 1634 pas-

49 1668 124 1697 sus
164 1668 253 1697 non
293 1660 372 1696 est.
448 1654 528 1699 Ex
567 1653 724 1712 quibus
762 1653 977 1710 tamen⁴)
1015 1651 1297 1695 sermonibus
1335 1652 1478 1696 Pauli

53 1731 118 1775 ad
145 1734 425 1775 occasionem
456 1731 589 1790 lzzq‘us
610 1733 649 1789 ⁵)
681 1732 1041 1789 intelligentiae,
1080 1730 1152 1787 (ut
1183 1742 1339 1772 verum
1364 1743 1474 1787 pro-

40 1811 253 1867 feram),
284 1809 438 1865 facile
469 1808 766 1852 deveniemus.
827 1809 906 1852 Ait
938 1809 1079 1851 enim:
1123 1808 1273 1858 „Nunc
1295 1807 1337 1862 6)
1371 1823 1472 1850 vero

53 1889 183 1929 semel
214 1887 255 1928 in
288 1887 651 1929 consummatione
682 1885 948 1929 saeculorum
978 1885 1031 1926 ad
1060 1883 1344 1926 refellendum
1374 1900 1474 1940 pec-

55 1977 192 2007 catum
221 1981 298 2021 per
337 1965 519 2006 hostiam
557 1964 621 2006 sui
665 1964 957 2007 manifestatus
998 1968 1099 2004 est.“
1165 1960 1317 2004 Semel
1351 1963 1475 2003 euim

55 2045 122 2084 ait
155 2041 352 2085 bostiam·
383 2042 624 2096 effectum,
667 2048 711 2083 et
752 2043 801 2083 in
842 2040 1232 2083 consummatione
1260 2039 1470 2082 saeculo-

54 2133 154 2161 rum
203 2117 271 2161 ad
319 2117 628 2173 refellendum
671 2125 915 2176 peccatum
959 2131 1052 2161 esse
1102 2115 1470 2170 manifestatum.

55 2198 139 2240 Sed
168 2195 311 2240 Rufini
341 2209 483 2240 tamen
512 2196 737 2255 perfidiam
768 2198 908 2240 denuo
938 2197 1226 2240 recordemur.

137 2277 195 2317 At
225 2275 310 2317 vim
345 2293 436 2318 eam
468 2275 568 2317 licet
591 2275 720 2317 morti
745 2277 957 2333 quondam
976 2274 1018 2316 in
1040 2272 1161 2316 terris
1185 2271 1352 2314 Christo
1379 2271 1473 2314 illa-

55 2363 119 2394 tae
148 2353 333 2395 tribuant
373 2353 459 2395 loci
499 2371 624 2412 supra
665 2353 860 2406 adducti,
902 2369 1007 2410 quae
1048 2352 1270 2394 hominum
1304 2350 1473 2404 angelo-

176 2552 214 2607 ¹)
246 2552 323 2593 Ed.
356 2550 509 2592 Ruaei:
542 2563 668 2607 quae.
789 2552 831 2607 ²)
866 2552 950 2592 Cfr.
985 2550 1148 2593 Coloss.
1179 2550 1211 2600 I,
1241 2549 1307 2593 20.

175 2623 216 2676 ³)
246 2622 323 2663 Ed.
355 2621 510 2663 Ruaei:
529 2621 735 2676 fuerint.
857 2623 898 2676 ⁴)
929 2621 1007 2661 Ed.
1040 2619 1194 2661 Ruaei:
1226 2627 1392 2662 autem.

176 2691 217 2746 ⁵)
249 2690 328 2733 Ed.
360 2692 512 2733 Ruaei:
552 2691 686 2748 laeuJus
724 2691 1066 2748 intelligentiae
1104 2691 1326 2741 venerim,
1361 2703 1468 2746 pro-

45 2747 224 2804 seram.
284 2748 362 2789 Ait
393 2749 526 2800 enim,
558 2761 635 2792 etc.

175 2818 215 2875 ⁶)
249 2818 375 2863 chr.
406 2820 483 2872 IX,
511 2821 578 2868 26.
