1759 3125
442 107 838 148 Omossmmonum
884 104 1024 144 Lmen
1055 104 1086 143 1.
1424 105 1480 148 35

54 232 136 261 stat
167 220 259 260 libr.
292 219 365 260 Vl.
399 218 505 259 Hist.
545 216 694 256 eccles.
741 230 828 269 cap.
860 213 927 257 23.
993 212 1297 269 Episcopatum
1337 228 1476 258 autem

57 297 240 338 Zebinus
271 295 365 336 iniit
395 296 471 336 sub
506 293 743 335 Alexandro
776 293 960 340 Severo,
989 301 1039 330 ut
1069 301 1131 330 est
1160 290 1204 331 in
1234 291 1472 334 Eusebiano

55 372 283 415 Chronico.
355 372 403 412 ld
450 372 566 427 quod
615 370 699 411 alio
749 370 838 425 ipse
879 368 977 408 loco
1019 366 1239 408 Halloxius
1288 369 1474 411 animad-

55 449 196 492 vertit.

165 526 259 566 VII.
321 525 485 566 Coorto
508 523 545 581 ¹)
578 524 735 564 interea
752 524 968 564 Romanos
986 520 1097 561 inter
1112 533 1154 561 et
1172 522 1317 563 Persas
1339 524 1472 575 bello,

52 603 320 644 Antiochiam
360 602 475 642 venit
524 602 763 643 Alexander
803 601 1006 648 Severus,
1058 599 1295 640 Mammaea
1341 613 1474 642 matre

52 679 297 728 comitatus,
331 695 436 734 quae
464 690 512 719 ut
544 690 631 718 erat
659 678 829 718 natione
861 677 988 735 Syra,
1035 687 1077 716 et
1106 693 1247 717 rerum
1277 678 1474 720 Judaica—

50 774 142 797 rum
180 774 227 797 ac
270 756 598 799 Christianarum
636 755 822 809 aliquem
852 765 1103 810 perceperat
1133 771 1278 804 usum,
1322 755 1470 808 Orige-

51 851 150 874 nem
182 833 299 890 cujus
329 846 428 874 tunc
459 833 612 889 passim
644 832 934 872 celebrabatur
969 847 1148 880 nomen,
1188 831 1316 872 misso
1359 833 1473 874 mili-

50 911 130 951 tari
160 910 361 951 satellitio
394 911 447 950 ad
477 925 568 950 sese
599 908 837 958 accersivit,
868 908 1150 963 explorandae
1183 909 1365 951 hominis
1395 912 1473 952 do-

50 988 227 1037 ctrinae,
266 986 521 1044 majorisque
566 986 721 1027 Christi
761 985 936 1026 notitiae
982 985 1277 1042 adipiscendae
1318 1005 1470 1030 caussa.

49 1065 200 1105 Multis
231 1065 343 1120 apud
374 1063 489 1103 illam
523 1064 573 1103 de
604 1063 700 1103 Deo
732 1063 995 1104 sermonibus
1027 1063 1200 1113 habitis,
1233 1076 1377 1106 exacto
1410 1066 1468 1106 il-

50 1142 104 1181 lic.
138 1159 224 1182 non
254 1141 427 1182 modico
449 1151 658 1195 tempore,
690 1142 741 1181 ad
763 1140 996 1181 intermissa
1016 1139 1152 1181 studia
1175 1141 1472 1184 Alexandriam

48 1219 308 1275 properavit.
375 1218 494 1258 Hanc
543 1217 736 1270 Origenis
783 1217 1166 1273 peregrinationem
1206 1220 1471 1275 temporibus

49 1296 133 1337 illis
165 1295 443 1353 conjungens,
483 1294 570 1335 scio
602 1311 669 1335 me
703 1294 1074 1347 Chronologorum
1104 1294 1267 1351 aliquot
1297 1296 1472 1338 rationi—

48 1375 126 1413 bus
155 1390 410 1429 repugnare,
453 1373 525 1429 qui
565 1374 616 1413 ad
657 1383 865 1412 extremos
907 1372 1134 1412 Alexandri
1163 1373 1311 1414 Severi
1341 1391 1472 1416 annos

49 1451 260 1491 Persicam
291 1450 606 1506 expeditionem
638 1450 848 1498 referunt,
890 1466 985 1489 cum
1015 1450 1152 1489 multo
1185 1461 1278 1490 ante
1311 1451 1469 1492 exitum

50 1527 276 1568 Alexandri
315 1527 448 1567 visere
489 1527 541 1566 ad
573 1527 852 1567 Mammaeam
886 1525 1113 1578 Origenem
1152 1526 1275 1567 ivisse
1308 1540 1468 1570 certum

50 1605 114 1645 sit.
175 1605 288 1659 At2)
328 1603 451 1644 nobis
492 1605 632 1643 favent
670 1601 842 1643 Eusebii
886 1603 1200 1659 ἐπιλογισμοί,
1240 1604 1393 1660 quibus
1422 1605 1466 1646 in

171 1821 210 1874 ¹)
245 1818 331 1860 Cfr.
362 1820 518 1860 Euseb.
551 1818 659 1859 Hist.
694 1819 842 1859 eccles.
879 1819 950 1859 lib.
983 1820 1054 1860 Vl.
1088 1836 1178 1875 cap.
1208 1821 1278 1865 21.

167 1889 209 1944 2)
240 1890 337 1928 Non
369 1888 589 1937 Eusebius,
620 1889 693 1928 sed
725 1888 844 1929 divus
860 1889 1145 1946 Hieronymus
1169 1891 1333 1932 bellum
1363 1892 1468 1933 Pers

49 1947 182 1987 sicum
223 1962 319 1985 cum
359 1961 468 1985 anno
517 1945 702 1985 secundo
752 1945 978 1985 Alexandri
1022 1947 1251 2002 copulavit.
1329 1950 1467 1991 Verba

52 2003 176 2051 enim,
208 2018 312 2057 quae
343 2001 386 2041 in
418 2001 630 2041 Chronico
662 2001 901 2042 Eusebiano
946 2003 997 2042 de
1027 2002 1110 2043 hoc
1140 2003 1256 2044 bello
1289 2007 1470 2047 recitan-

51 2071 131 2109 tur,
162 2059 203 2099 in
233 2058 385 2098 ultimo
425 2057 535 2098 libro
578 2057 798 2112 Eutropii,
843 2057 913 2114 qui
953 2070 1053 2113 post
1081 2059 1254 2100 Eusebii
1284 2073 1468 2103 mortem

52 2132 166 2156 suam
208 2115 425 2154 historiam
464 2113 652 2169 scripsit,
694 2114 903 2166 leguntur.
969 2116 1029 2155 Ex
1060 2132 1146 2171 quo
1180 2117 1338 2173 liquet,
1381 2132 1468 2161 non

50 2184 210 2213 tanturn
239 2187 286 2211 ea
315 2172 440 2211 verba
470 2170 641 2210 Eusebii
671 2186 756 2211 non
790 2187 900 2222 esse3
931 2173 1005 2212 sed
1034 2173 1160 2213 etiam
1195 2190 1470 2231 quaecunque

51 2245 99 2269 ex
132 2227 344 2282 Eutropio
376 2228 418 2267 in
448 2227 526 2267 illo
551 2227 763 2268 Chronico
789 2228 1006 2277 habentur,
1039 2245 1061 2269 a
1084 2229 1182 2270 divo
1204 2230 1469 2290 Hieronymo

52 2285 193 2325 addita
230 2285 370 2324 fuisse.
447 2284 596 2338 Neque
639 2284 800 2324 bellum
837 2284 1053 2325 Persicum
1092 2302 1201 2326 anno
1245 2288 1470 2330 Alexandri

53 2342 237 2382 secundo
274 2340 360 2392 geri
390 2339 553 2394 potuit,
586 2356 678 2379 cum
713 2351 860 2396 quarto
889 2341 1058 2397 imperii
1088 2341 1176 2400 ejus
1207 2359 1316 2383 anno
1349 2347 1472 2386 Arta-

54 2413 219 2447 xerxes,
261 2414 355 2437 cum
388 2413 472 2452 quo
506 2396 722 2437 dimicavit
755 2398 1009 2447 Alexander,
1053 2411 1225 2452 regnare
1265 2401 1468 2456 coeperit.

51 2454 272 2495 Praeterea
310 2452 576 2494 Herodianus
617 2453 690 2494 lib.
721 2454 792 2497 Vl.
846 2470 934 2510 cap.
965 2455 1003 2496 4.
1053 2456 1105 2496 de
1141 2456 1382 2498 Alexandro
1428 2454 1469 2498 in

54 2510 271 2551 Orientem
312 2509 607 2565 proficiscente
652 2510 832 2565 loquens
870 2512 948 2560 ait,
995 2512 1162 2553 nullum
1208 2512 1354 2563 fuisse,
1400 2514 1471 2570 qui

54 2569 181 2607 siccis
212 2567 349 2608 oculis
378 2564 623 2607 abeuntem
655 2565 979 2608 Alexandrum
1010 2566 1301 2624 adspexerit,
1333 2572 1466 2626 incpe-

58 2624 127 2662 rio
178 2629 274 2663 tam
318 2622 486 2664 multos
543 2635 688 2663 menos
745 2622 1070 2666 modestissime
1128 2622 1468 2668 administram.

62 2677 206 2730 Quare
234 2695 371 2734 neque
398 2679 637 2719 Alexander
665 2678 835 2734 imperii
865 2680 930 2720 sui
960 2680 1080 2722 initio
1114 2699 1209 2723 cum
1226 2681 1364 2722 Persis
1395 2700 1472 2737 pu·

62 2733 214 2785 gnavit,
243 2751 378 2790 neque
410 2751 504 2775 cum
537 2736 586 2775 ad
625 2735 837 2776 Persicam
877 2737 1190 2792 expeditionem
1230 2739 1471 2793 proficisce-

60 2801 177 2829 retur
209 2790 466 2840 Alexander,
507 2791 711 2843 Origenes
753 2803 815 2833 est
852 2809 873 2833 a
913 2794 1149 2835 Mammaea
1178 2795 1220 2835 in
1253 2793 1472 2836 Orientem

63 2856 249 2887 vocatus.
312 2848 371 2886 Ac
409 2846 591 2900 proinde
622 2847 722 2888 haec
754 2848 948 2900 Origenis
978 2851 1030 2891 ad
1061 2851 1341 2891 Mammaeam
1372 2865 1471 2905 pro—

1040 2925 1109 2968 34.-
