1759 3125
247 96 302 142 36
667 94 810 136 Parin
842 97 1055 138 DANmms
1087 97 1258 140 HUETu

251 210 326 251 hac
358 208 533 250 historia
565 193 774 264 perpetuo
809 210 1102 251 adhaeremus:
1135 226 1231 250 nam
1263 210 1480 251 Persicum
1500 209 1675 249 *bellum

250 288 436 329 secundo
471 286 700 327 Alexandri
731 303 840 327 anno
882 287 1058 339 assignat
1096 288 1138 328 in
1172 287 1408 338 Chronico3
1453 287 1494 327 in
1535 286 1679 326 Histo-

251 365 367 420 ria¹)
400 376 563 414 autem,
604 375 830 420 postquam
871 365 1156 405 Alexandrum
1196 364 1513 420 imperatoriam
1547 363 1681 415 digni·

253 454 384 483 tatem
416 454 650 482 assecutum
682 442 952 494 significavit,
1001 441 1195 493 Origenis
1235 442 1411 482 itionem
1450 443 1501 482 ad
1541 443 1679 482 hlam-

252 536 415 560 maeam
459 520 665 560 continuo
705 519 936 576 subjunxit:
989 519 1298 560 Caesariensem
1342 538 1440 560 vero
1484 518 1678 571 Origenis

254 613 485 646 secessum,
527 613 653 653 quem
686 597 853 637 decimo
888 596 1114 638 Alexandri
1145 612 1252 637 anno
1286 597 1506 649 contigisse
1538 598 1677 645 docet,

255 675 379 727 longe
411 674 642 730 inferius²)
674 674 895 715 recensuit.
966 673 1054 732 Qu}
1086 690 1185 714 vero
1216 674 1379 714 bellum
1411 675 1492 714 hoc
1522 672 1679 730 rejece-

254 763 352 792 runt
382 752 424 793 in
454 763 695 807 postremos
735 751 964 792 Alexandri
1001 768 1152 802 annos,
1196 752 1316 791 nullo
1359 762 1530 792 auctore
1569 751 1680 790 fece-

256 841 376 882 runt;
408 845 505 870 nam
537 829 608 884 qui
641 829 784 869 aetatis
815 828 929 868 illius
968 844 1033 869 res
1064 841 1194 881 gestas
1227 829 1438 884 complexi
1469 839 1565 867 sunt
1595 828 1680 867 He-

259 906 474 956 rodianus,
506 906 716 958 Zosimus,
748 905 1008 961 Xiphilinus,
1042 919 1082 946 et
1114 907 1395 962 Lampridius,
1427 906 1680 961 Persicae-³)

258 1152 387 1193 fectio
420 1150 661 1203 assignanda
694 1164 776 1201 est,
822 1164 870 1192 ut
908 1165 1022 1193 recte
1055 1151 1227 1208 conjicit
1256 1151 1488 1200 Baronius,
1528 1151 1579 1190 ad
1610 1167 1676 1190 an·

259 1226 360 1250 num
393 1207 548 1250 Christi
578 1208 697 1258 218„
738 1225 821 1263 quo
862 1221 1056 1264 tempore
1096 1209 1345 1261 Elagabalus
1384 1208 1570 1263 primum
1601 1207 1681 1247 im·-

261 1265 371 1321 perii
402 1264 467 1305 sui
497 1281 619 1316 agens
657 1282 834 1314 annum,
873 1278 970 1321 post
1001 1266 1181 1306 Macrini
1216 1267 1379 1306 cladem
1412 1264 1681 1306 Antiochiam

258 1321 374 1362 venit
402 1322 640 1362 Blammaea
672 1321 909 1367 comitatus,
973 1321 1103 1375 Quod
1136 1321 1283 1379 objicit
1314 1321 1508 1371 Huetius,
1541 1321 1681 1363 Ense-

261 1379 385 1419 bium
429 1380 478 1419 in
528 1378 701 1420 Hz'stor.
757 1379 908 1420 eccles.
951 1378 1024 1421 ab.
1069 1379 1134 1421 VJ.
1177 1393 1273 1435 cap.
1302 1379 1392 1428 21„
1437 1386 1681 1434 postquam

257 1432 586 1477 Alexandrum
623 1437 975 1490 imperatoriam
1015 1434 1299 1491 degnz‘tatem
1337 1444 1596 1476 assecutum
1624 1435 1683 1474 εῖ-

257 1490 527 1547 gm'ficavz't,
573 1491 791 1546 Orz‘genis
818 1494 1006 1533 itionem
1035 1490 1102 1533 ad
1127 1492 1435 1534 Mammaeam
1468 1493 1683 1533 continuo

257 1548 554 1604 subjungere,
584 1548 709 1588 facile
741 1547 943 1599 solvitur,
994 1549 1028 1589 si
1067 1549 1274 1589 Eusebius
1314 1549 1359 1589 id
1389 1549 1537 1589 fecisse
1569 1547 1681 1588 dica-

257 1616 348 1653 tur,
368 1621 456 1644 non
488 1605 603 1659 quod
633 1605 774 1660 primo
805 1616 877 1645 aut
906 1606 1091 1646 secundo
1111 1605 1341 1645 Alexandri
1370 1604 1542 1661 imperii
1571 1619 1680 1645 anno

259 1661 455 1713 Origenis
485 1661 567 1701 iter
596 1663 649 1702 ad
673 1662 955 1702 Mammaeam
987 1662 1207 1714 contigisse
1238 1674 1430 1717 putaret,
1458 1663 1533 1702 sed
1564 1661 1682 1716 quod

259 1733 307 1757 ex
350 1717 473 1758 initio
513 1718 628 1758 illius
667 1718 839 1773 imperii
877 1719 1044 1760 occasio
1085 1731 1327 1759 nasceretur
1370 1718 1578 1775 loquendi
1628 1718 1680 1757 de

256 1774 496 1814 Mammaea
532 1787 666 1815 matre
705 1775 805 1831 ejus.
882 1776 1006 1817 Certe
1053 1787 1240 1815 nostram
1290 1777 1393 1816 hanc
1432 1774 1681 1831 opinionem

259 1831 494 1880 confirmat,
526 1832 641 1886 quod
672 1831 833 1872 ibidem
864 1832 920 1872 ait
948 1832 1179 1882 Eusebius,
1222 1849 1306 1882 quo
1347 1844 1542 1888 tempore
1584 1831 1684 1872 Ale-

259 1887 416 1928 xander
444 1886 673 1942 imperium
706 1901 954 1943 capesseret,
984 1900 1155 1929 mortuo
1176 1884 1290 1944 apud
1313 1888 1585 1929 Antiochiam
1604 1891 1681 1929 As-

260 1942 467 1997 clepiade,
499 1944 586 1998 ejus
617 1944 911 2000 episcopatum
940 1945 1137 1985 sortitum
1177 1945 1303 1984 fuisse
1336 1945 1571 1985 Philetum:
1605 1943 1680 2000 qui

256 2010 398 2039 tamen
428 2015 537 2040 anno
568 1999 664 2042 217.
695 2001 889 2041 Macrino
929 2001 1159 2056 imperium
1199 2000 1393 2050 ineunte,
1434 2000 1678 2056 Asclepiadi

257 2055 480 2107 successit,
521 2057 882 2111 quemadmodum
922 2057 966 2096 in
1001 2056 1213 2097 Chronico
1252 2057 1398 2097 scribit
1426 2058 1516 2113 ipse
1548 2058 1680 2098 Euse-

259 2111 378 2152 bius:
408 2113 525 2167 quod
553 2112 762 2153 Baronius
792 2114 992 2169 sequitur.
1024 2114 1074 2154 R.

378 2182 415 2237 ¹)
449 2182 535 2222 Cfr.
564 2181 718 2224 Euseb.
751 2183 860 2224 Hist.
894 2184 1039 2224 eccles.
1072 2183 1144 2225 lib.
1179 2186 1253 2225 Vl.
1287 2201 1361 2240 cap
1411 2185 1478 2228 21.

376 2251 420 2305 ²)
453 2250 539 2292 Cfr.
568 2251 724 2294 Euseb.
756 2253 863 2294 Hist.
898 2254 1040 2295 eccles.
1074 2253 1146 2294 lib.
1180 2256 1251 2294 VI.
1286 2272 1376 2310 cap.
1408 2255 1477 2300 26.

373 2321 415 2376 3)
446 2321 662 2376 Expressis
701 2323 838 2363 verbis
868 2323 1086 2364 Persicum
1114 2325 1277 2365 bellum
1308 2342 1416 2366 anno
1450 2327 1678 2368 Alexandri

257 2376 424 2418 decimo
456 2390 604 2432 quarto
637 2380 859 2432 contigisse
890 2381 1017 2420 docet
1046 2381 1274 2423 Herodian.
1307 2382 1380 2424 lib.
1415 2384 1485 2425 VI.
1547 2383 1676 2440 Cujus

256 2433 549 2475 testimonium
588 2435 705 2476 litem
736 2437 905 2492 penitus
944 2437 1184 2487 dirimeret,
1220 2439 1264 2478 ni
1304 2451 1533 2489 constaret,
1575 2442 1676 2481 Ale-

257 2491 460 2531 xandrum
501 2503 600 2545 post
638 2492 881 2534 inchoatum
913 2494 1127 2534 decimum
1168 2507 1363 2550 quartum
1401 2496 1465 2536 sui
1503 2496 1675 2551 imperii

256 2563 411 2587 annum
442 2563 600 2602 paucos
633 2549 776 2590 vixisse
809 2549 913 2592 dies.
976 2551 1063 2592 Sed
1093 2567 1200 2591 anno
1231 2563 1415 2601 tantum,
1459 2553 1525 2592 vel
1555 2553 1675 2594 bien-

256 2602 328 2643 nio
363 2603 516 2644 erravit
544 2605 821 2646 Herodianus.
881 2608 1030 2662 Neque
1063 2607 1176 2647 enim
1206 2607 1432 2649 verisimile
1464 2621 1536 2659 est,
1569 2611 1675 2650 duo-

256 2659 395 2700 decim
426 2671 496 2700 aut
525 2661 730 2702 tredecim
770 2662 884 2703 annis
924 2664 967 2703 in
1008 2663 1233 2704 celebriori
1264 2664 1384 2721 hujus
1414 2665 1584 2721 imperii
1613 2667 1674 2707 fa-

258 2727 351 2766 cto,
401 2732 484 2772 quo
526 2728 722 2773 tempore
759 2718 848 2774 ipse
889 2719 1089 2769 florebat,
1130 2736 1226 2761 eum
1258 2736 1434 2771 errasse,
1474 2734 1599 2778 atque
1629 2723 1673 2763 in

247 2773 383 2838 rfinem
412 2772 641 2870 Alfixandri
670 2774 885 2832 rejecisse,
917 2777 1032 2832 quod
1066 2776 1185 2832 hujus
1215 2778 1386 2833 imperii
1416 2778 1538 2820 initio
1572 2795 1672 2820 con-

255 2840 426 2882 tlglsset.
498 2861 506 2870 .
