1759 3125
244 114 330 160 390
790 118 1028 161 Excunsus
1060 120 1134 161 IV.

250 225 468 271 τελειώσω
501 228 640 275 αὐτοῦ
670 231 720 275 τὸ
750 233 935 291 ἕργον.“
995 235 1245 290 Πρέπουσα
1282 233 1448 291 βρῶσις
1489 233 1550 287 τῷ
1590 231 1672 287 υἱῷ

252 307 331 348 τοῦ
360 309 487 362 θεοῦ,
522 306 592 353 ὅτε
621 308 808 365 ποιητὴς
837 305 1009 367 γίνετὰι
1042 312 1122 353 τοῦ
1153 311 1374 366 πατρικοῦ
1404 305 1673 364 θελήματος,

255 384 387 426 τοῦτο
428 383 476 427 τὸ
517 389 671 431 θέλειν
709 388 760 432 ἐν
797 389 942 444 ἑαυτῷ
975 389 1143 442 ποιῶν,
1192 384 1304 445 ὅπερ
1334 379 1390 441 ἧν
1420 388 1496 428 καὶ
1527 386 1578 428 ἐν
1612 386 1674 441 τῷ

255 462 408 517 πατρὶ,
441 458 554 507 ὥστε
585 460 699 507 εἶναι
732 465 780 509 τὸ
812 468 991 521 θέλημα
1023 467 1103 507 τοῦ
1138 466 1249 508 θεοῦ
1282 464 1333 507 ἐν
1361 466 1422 519 τῷ
1454 461 1676 518 θέλήματι

255 540 335 580 τοῦ
370 540 471 582 υἱοῦ
503 539 855 599 ἀπαράλλακτον
894 545 973 585 τοῦ
1003 539 1258 598 θελήματος
1288 544 1367 584 τοῦ
1398 540 1588 599 πατρὸς,
1617 543 1679 589 εἰς

257 612 306 657 τὸ
335 620 496 671 μηκέτι
526 616 638 662 εἶναι
673 620 756 664 δύο
789 619 1046 677 θελήματα,
1091 617 1203 662 ἀλλὰ
1239 618 1289 661 ἓν
1317 621 1522 675 θέλημα·
1565 616 1678 672 ὅπερ

258 695 308 738 ἓν
337 698 513 750 θέλημα
545 701 692 741 αἴτιον
730 692 789 753 ἦν
818 701 897 743 τοῦ
929 702 1079 754 λέγειν
1109 694 1188 740 τὸν
1219 694 1344 739 υἱόν·
1390 692 1513 752 ,,ἒγώ
1533 695 1572 750 ¹)
1604 696 1680 736 καὶ

260 767 284 811 ὁ
314 770 463 826 πατὴρ
495 773 545 816 ἓν
584 775 786 832 gottw-⁴⁴
828 780 904 820 καὶ
944 773 1020 820 διὰ
1060 777 1191 817 τοῦτο
1223 771 1272 817 τὸ
1303 777 1482 828 θέλημα
1514 769 1536 815 ὁ
1567 768 1681 814 ἰδών

260 848 401 892 αὐτὸν
431 849 600 907 ἑώρακε
616 854 657 909 ²)
694 852 776 897 τὸν
806 852 931 909 υἱὸν,
973 850 1091 911 ἑώρα
1132 852 1182 896 δὲ
1212 854 1290 894 καὶ
1318 849 1399 895 τὸν
1428 854 1682 906 πέμψαντα

261 924 414 969 αὐτόν.
474 928 560 970 Ubi
599 941 733 971 totam
773 932 908 973 Patris
949 931 1213 972 voluntatem
1252 930 1295 971 in
1326 930 1442 970 Filio
1475 928 1563 969 sine
1593 927 1682 967 ulla

260 1002 538 1060 discrepantia
571 1023 658 1049 esse
691 1010 837 1062 docet3
878 1010 935 1051 ita
976 1021 1023 1049 ut
1060 1025 1148 1050 non
1179 1007 1261 1049 sint
1293 1008 1399 1049 duae
1431 1006 1683 1053 voluntates,

258 1081 333 1120 sed
364 1086 457 1123 una*
474 1101 646 1139 prorsus
680 1088 883 1130 voluntas.
959 1090 1016 1129 At
1056 1086 1257 1128 haeretici
1298 1086 1481 1126 divinam
1521 1082 1601 1124 sibi
1643 1091 1686 1121 et

258 1157 522 1213 spiritualem
569 1175 759 1205 naturam
807 1167 1092 1216 assumebant,
1141 1181 1247 1221 quae
1294 1179 1342 1204 ex
1382 1162 1602 1202 voluntate
1643 1168 1686 1198 et

260 1238 480 1278 sanctitate
512 1240 597 1280 Dei
628 1242 804 1282 minime
836 1245 1032 1299 pendeat,
1061 1260 1141 1284 nec
1169 1243 1280 1283 inter
1299 1239 1453 1292 flagitia
1479 1239 1607 1278 decus
1638 1251 1686 1276 ac

260 1314 395 1354 robur
423 1331 545 1356 suum
575 1319 751 1361 amittat.
813 1321 1042 1373 Origenes,
1086 1320 1158 1376 qui
1188 1320 1231 1360 in
1262 1319 1443 1359 minutas
1471 1315 1686 1356 interdum

262 1390 578 1435 observationes
609 1396 809 1446 defertur,
841 1398 1043 1439 admonet
1072 1398 1234 1438 Filium
1264 1397 1308 1438 in
1338 1393 1570 1451 Scripturis
1600 1408 1688 1433 non

261 1467 368 1518 Dei,
412 1472 486 1510 sed
515 1471 602 1528 ejus
632 1473 834 1514 bonitatis
872 1474 1120 1527 imaginem,
1169 1491 1248 1516 nec
1285 1472 1444 1523 Patris,
1493 1472 1568 1513 sed
1599 1469 1687 1527 ejus

265 1546 423 1598 gloriae
462 1550 738 1605 splendorem
778 1553 882 1605 diei,
933 1565 980 1593 ut
1020 1552 1251 1594 divinitatis
1291 1568 1313 1593 a
1351 1552 1476 1593 Patre
1507 1550 1559 1590 ad
1590 1564 1687 1588 eum

263 1628 468 1667 manantis
524 1630 759 1684 expressior
811 1630 864 1671 sit
921 1630 1185 1683 significatio.
1261 1631 1332 1671 IV.
1390 1626 1689 1683 Suspicionem

267 1717 437 1744 omnem
469 1707 520 1745 ab
553 1707 748 1760 Origenis
790 1709 982 1749 doctrina
1011 1720 1225 1759 removet,
1267 1708 1384 1765 quod
1422 1706 1479 1747 ait
1508 1703 1637 1757 magis
1667 1718 1691 1743 a

264 1779 381 1821 Filio
412 1799 479 1823 res
512 1797 667 1826 creatas
699 1786 764 1826 vel
796 1785 1170 1842 praestantissimas
1208 1785 1419 1843 superari,
1462 1800 1588 1840 quam
1617 1781 1691 1823 Fi·

267 1858 371 1900 lium
402 1877 423 1901 a
454 1861 592 1904 Patre.
661 1863 865 1921 Idyenim
907 1864 987 1905 nisi
1026 1866 1079 1905 de
1119 1881 1220 1906 vero
1263 1875 1304 1905 et
1345 1859 1690 1904 consubstantiali

267 1935 382 1977 Filio
427 1938 511 1979 dici
554 1939 729 1981 omnino
769 1958 856 1982 non
895 1953 1052 1998 potest.
1126 1942 1316 1984 Vitiosus
1361 1939 1536 1981 omnino
1578 1938 1691 1993 apud

269 2013 371 2056 Mss.
404 2015 541 2057 Codd.
575 2018 771 2071 Origenis
804 2031 1036 2070 contextus,
1067 2037 1114 2062 ac
1145 2037 1312 2061 sensum
1344 2017 1512 2059 exbibet
1543 2014 1692 2066 Orige-

268 2089 333 2131 nis
373 2093 598 2148 proposito
647 2107 688 2136 et
731 2098 960 2138 sententiae.
1000 2115 1172 2154 prorsus
1223 2099 1442 2138 absonum.
1517 2090 1692 2145 origeni

270 2167 382 2208 enim
414 2170 574 2224 affingit
611 2174 694 2212 hoc
720 2175 899 2215 absurde
917 2188 958 2216 et
975 2175 1106 2231 impie
1129 2175 1310 2214 dictum:
1343 2167 1694 2223 Salvatorem3)

271 2251 436 2297 tanta,
468 2256 552 2290 aut
582 2253 726 2291 etlam
763 2253 942 2307 majore
973 2254 1276 2308 praestantia
1314 2264 1343 2292 a
1385 2250 1530 2291 Patre
1567 2259 1696 2302 supe-

271 2326 390 2376 rari,
424 2333 604 2380 quanta
630 2329 726 2384 ipse
754 2335 800 2369 et
815 2327 1017 2384 Spiritus
1044 2334 1234 2370 sanctus
1263 2328 1442 2383 reliqua
1463 2326 1535 2367 vel
1555 2336 1694 2381 prae-

269 2405 563 2446 stanttls‘sz'ma
589 2413 826 2461 superant.
889 2405 976 2460 Qui
1008 2407 1051 2447 id
1081 2406 1223 2462 potuit
1255 2405 1449 2446 excide-rc
1487 2402 1695 2456 origeni?

272 2477 435 2521 Probat
472 2482 554 2522 hoc
591 2483 686 2539 ipso
725 2483 772 2524 in
808 2484 930 2533 loco,
971 2483 1239 2525 Salvatorem
1280 2482 1427 2524 creatis
1467 2482 1591 2522 rebus
1623 2480 1692 2520 vel

273 2560 661 2612 praestantissimis,
701 2577 856 2618 nempe
895 2561 1070 2614 angelis,
1101 2560 1287 2612 thronis,
1321 2572 1362 2602 et
1393 2558 1695 2601 dominationi—

398 2735 437 2790 ¹)
468 2735 544 2777 Ev.
578 2739 733 2778 soann.
761 2738 815 2788 Χ,
847 2736 914 2781 30.
1033 2736 1075 2792 2)
1110 2736 1197 2778 cfr.
1230 2752 1291 2778 ev.
1321 2737 1471 2777 Joann.
1504 2707 1599 2782 ΧΠ,
1629 2732 1696 2774 45.

338 2858 347 2868 .
394 2807 437 2860 ³)
471 2806 556 2850 Cfr.
591 2810 715 2850 Tom.
747 2809 864 2849 thl.
895 2807 939 2848 in
968 2807 1118 2848 Joann.
1153 2823 1267 2850 num.
1296 2806 1365 2850 25.
1400 2805 1497 2847 coll.
1528 2804 1697 2846 Excurs.

278 2859 360 2915 hul·
393 2878 483 2917 pag·
515 2863 610 2909 387.
641 2877 728 2906 not.
762 2865 799 2908 1.

1758 2754 1759 2787 ι

1757 2792 1759 2855 4

1756 2895 1758 2946 1
