1759 3125
657 117 889 160 Exconsus
918 119 968 159 V.
1433 119 1517 164 393

109 246 226 275 mant
253 232 395 289 potius
430 230 624 284 Origenis
656 231 708 270 de
739 229 902 286 Spiritu
932 240 1074 270 sancto
1107 230 1363 281 doctrinam,
1396 248 1519 287 quam

109 327 233 367 supra
264 308 450 363 exposui.
503 306 738 349 Accusandi
767 305 982 347 materiam
1016 307 1132 347 dedit
1161 307 1257 348 satis
1288 309 1412 360 longa
1442 308 1525 348 dis-

109 387 273 445 putatio
307 387 358 426 de
388 396 532 426 sancto
569 384 752 439 Spiritu,
784 380 889 440 quae
921 395 1050 424 exstat
1080 385 1276 426 Tom.II.
1308 385 1349 425 in
1371 386 1522 428 Joann.

109 481 222 506 num.
246 463 284 506 6.
325 462 611 512 Ἐξεταστέον
628 462 667 516 ¹)
690 462 753 511 δὲ,
786 460 981 515 ἀληθοῦς
1005 456 1131 508 ὄντος
1156 463 1258 504 τοῦ·
1281 461 1466 517 „ndum
1481 462 1522 518 2)

112 539 166 584 δι’
202 539 339 583 αὐτοῦ
373 540 620 596 ἐγένετο·“
654 542 692 582 εἷ
722 541 797 581 καὶ
828 537 877 582 τὸ
910 540 1094 594 πνεῦμα
1116 536 1164 580 τὸ
1190 537 1327 594 ἅγιον
1358 539 1412 583 δι’
1439 540 1525 582 αὑ·-

111 620 189 660 τοῦ
227 619 415 673 ἐγένετο.
480 613 614 670 Οἶμαι
649 614 760 671 γὰρ,
803 613 868 659 ὅτι,
901 619 959 672 ’ιῴ
991 617 1077 671 μὲν
1109 613 1356 671 φάσκοντι,
1387 633 1525 673 γενη-

111 692 192 736 τὸν
223 693 330 737 αὐτὸ
373 691 509 743 εἶναι,
552 696 627 736 καὶ
666 699 923 752 προϊεμένῳ
967 693 1065 749 (leg.
1107 693 1413 750 προσιεμένῳ)
1454 691 1525 737 τό·

112 768 348 826 ,,7τάντα3)
395 769 448 812 δι’
491 770 627 814 αὐτοῦ
669 771 914 827 ἐγένεῑο““
968 770 1222 826 ἀναγκαῖον
1266 771 1526 824 παραδέξα-

113 854 239 902 σθαι,
273 845 338 889 ὅτι
369 846 417 891 τὸ
451 846 584 905 ἅγιον
602 851 784 903 πνεῦμα
810 846 885 890 διὰ
905 850 983 891 τοῦ
1007 847 1146 904 λόγου
1168 848 1359 903 ἐγένετο,
1392 864 1526 903 πρες-

112 929 303 982 βυτέρου
332 926 436 983 παρ’
471 923 580 969 αὐτὸ
612 927 689 968 τοῦ
720 922 860 981 λόγου
892 924 1212 982 τυγχάνοντος.
1279 927 1353 981 Τῷ
1386 927 1434 968 δὲ
1464 923 1528 982 μὴ

115 1006 380 1060 βουλομένῳ
411 1003 458 1046 τὸ
492 1001 628 1059 ἅγιον
657 1004 840 1058 πνεῦμα
880 1000 956 1045 διὰ
995 1005 1072 1045 τοῦ
1106 1003 1306 1056 Χριστοῦ
1337 1006 1530 1058 γεγονέ-

117 1096 205 1130 ναι,
237 1080 387 1124 ἕπεται.
420 1078 469 1122 τὸ
504 1079 728 1136 ἀγένητον
766 1077 875 1121 αὐτὸ
906 1082 1077 1135 λέγειν,
1123 1077 1272 1132 ἀληθῆ
1303 1077 1356 1122 τὰ
1389 1080 1439 1122 ἓν
1470 1082 1530 1135 τῷ

116 1157 365 1214 εὐαγγελίῳ
396 1155 537 1211 τούτῳ
568 1152 680 1199 εἶναι
718 1158 932 1211 κρίνοντι.

229 1235 345 1276 Illud
375 1235 421 1284 I.,
453 1234 762 1274 observandum
794 1244 877 1283 est,
916 1233 987 1274 has
1018 1249 1166 1274 voces:
1209 1234 1410 1290 ἐγένετο,
1453 1251 1534 1291 γε-

117 1316 318 1369 γονέναι,
351 1309 554 1367 γενητόν,
590 1311 753 1350 duobus
783 1310 922 1350 modis
962 1310 1096 1365 accipi
1126 1326 1273 1366 posse,
1318 1322 1359 1351 et
1390 1312 1441 1351 de
1472 1328 1537 1352 re-

117 1392 196 1431 bus
230 1406 276 1429 ex
305 1388 440 1429 nihilo
476 1387 643 1438 creatis,
684 1398 725 1427 et
756 1387 806 1427 de
837 1386 908 1436 iis,
948 1403 1053 1442 quae
1083 1387 1256 1443 aliquod
1288 1387 1351 1428 sui
1381 1388 1536 1443 princi-

118 1466 237 1523 pium
268 1466 434 1507 habent.
493 1464 604 1505 Hinc
634 1463 910 1519 Epiphanius,
943 1464 1014 1519 qui
1044 1464 1086 1504 in
1119 1465 1302 1517 Origene
1333 1463 1536 1521 γενητόν,

120 1544 235 1584 idem
265 1544 404 1583 valere
437 1541 644 1583 existimat
675 1558 721 1582 ac
753 1553 951 1592 creatum,
982 1542 1153 1583 Haeres.
1185 1542 1250 1584 64.
1296 1544 1378 1583 hoc
1408 1544 1538 1584 Joan-

120 1620 184 1661 nis
217 1621 267 1660 de
301 1620 466 1661 Christo
500 1619 679 1660 dictum:
722 1617 981 1675 ,‚719‹23·cd§⁴)
1020 1636 1112 1676 μου
1144 1621 1385 1674 ἐγένετοῶ
1423 1621 1538 1661 idem

124 1714 210 1738 esse
244 1696 462 1737 contendit
504 1712 550 1736 ac
588 1702 700 1737 ante
730 1709 800 1737 me
817 1695 947 1750 fuit,
986 1697 1156 1738 Haeres.
1188 1696 1256 1739 68.
1316 1699 1411 1753 Ipse
1443 1698 1541 1740 Ori-

124 1791 246 1828 genes
275 1774 459 1824 Filium,
505 1775 556 1814 de
597 1774 713 1830 cujus
752 1775 996 1815 aeternitate
1037 1774 1213 1815 mirifice
1252 1773 1400 1824 sensit,
1430 1774 1543 1818 θεὸν

123 1850 316 1909 γενητόν
346 1852 560 1908 appellare
589 1868 675 1892 non
707 1852 892 1901 dubitat,
935 1863 982 1891 ut
1019 1868 1144 1906 supra
1174 1851 1371 1893 vidimus.
1430 1853 1541 1894 Hinc

126 1931 316 1971 Verbum
348 1941 388 1970 et
419 1930 638 1970 veritatem
666 1929 981 1970 substantialem
1012 1945 1099 1969 non
1130 1945 1206 1985 per
1235 1930 1365 1970 alium
1397 1947 1545 1986 quem-

128 2024 267 2063 quam,
297 2008 372 2048 sed
401 2023 423 2047 a
453 2005 549 2047 Deo
583 2006 785 2048 exstitisse
829 2006 1110 2056 contendens,
1146 2006 1209 2047 his
1249 2007 1424 2049 vocibus
1461 2010 1543 2050 uti-

125 2096 218 2126 tur:
253 2084 352 2127 Οὐδ’
392 2083 503 2132 ὅλως
533 2081 608 2127 διά
639 2099 772 2138 τινος,
805 2082 896 2126 ἀλλ’
919 2082 1010 2128 ὑπὸ
1032 2085 1142 2128 θεοῦ
1165 2084 1355 2140 ἐγένετο.
1403 2085 1546 2140 Quem

129 2163 181 2203 ad
210 2162 388 2203 modum
420 2176 518 2214 ergo
551 2161 614 2202 his
644 2160 688 2202 in
717 2160 823 2202 locis
853 2165 1085 2217 γίνεσθαι,
1125 2160 1242 2202 aliud
1274 2163 1447 2203 omnino
1479 2180 1547 2204 so·-

131 2250 203 2280 nat
232 2255 279 2280 ac
310 2238 464 2291 creari3
502 2238 561 2280 sic
601 2255 695 2279 cum
725 2255 841 2279 suam
874 2238 1076 2290 Origenes
1120 2239 1171 2279 de
1201 2239 1384 2294 Spiritus
1415 2251 1548 2282 aeter-

132 2318 261 2358 nitate
298 2315 548 2357 sententiam
576 2326 642 2356 tot
671 2317 796 2356 rebus
827 2327 998 2356 testatus
1037 2315 1110 2365 sit,
1142 2317 1462 2358 accommodate
1492 2319 1545 2358 ad

133 2396 239 2436 hanc
269 2393 517 2436 sententiam
546 2393 788 2433 reddendae
819 2404 914 2433 sunt
945 2409 1068 2433 voces
1087 2392 1313 2444 generatim
1343 2393 1406 2434 rei
1437 2411 1549 2436 crea—

134 2484 223 2524 tae,
265 2483 336 2513 aut
364 2471 571 2512 increatae
603 2470 795 2526 quidem,
832 2470 907 2510 sed
945 2481 1086 2510 tamen
1125 2485 1212 2510 esse
1243 2470 1294 2510 ab
1326 2470 1410 2512 alio
1442 2471 1551 2512 acci-

136 2549 270 2605 pienti
303 2557 591 2600 congruentes,
654 2548 774 2589 Hanc
811 2546 1115 2603 interpretandi
1152 2546 1360 2588 rationem
1398 2550 1552 2604 probat

259 2719 300 2774 ¹)
334 2717 419 2759 Cfr.
455 2715 520 2756 ed.
549 2725 680 2755 nostr.
710 2714 835 2758 Tom.
867 2715 897 2757 I.
929 2730 1021 2772 pag.
1054 2714 1147 2758 108.
1180 2713 1273 2758 109.

257 2788 300 2843 ²)
330 2788 407 2829 Ev.
437 2788 589 2828 Joann.
620 2784 655 2835 I,
683 2783 723 2828 3.
841 2784 884 2841 ³)
912 2784 989 2828 Ev.
1019 2785 1171 2827 Joann.
1202 2785 1236 2835 I,
1266 2783 1305 2828 3.

260 2856 303 2913 ⁴)
336 2857 423 2899 Cfr.
456 2872 518 2898 ev.
547 2855 698 2899 Joann.
728 2856 761 2908 l,
794 2856 859 2901 15.
