1759 3125
212 122 268 165 28
630 121 778 164 Pit-rm
808 121 1022 162 DANJEms
1054 121 1218 162 Hussrn

212 236 371 291 Aperte
403 234 571 275 damnat
604 232 810 274 Baronius
842 234 893 274 ad
925 250 1016 274 ann.
1049 232 1168 284 230.,
1209 232 1435 288 multisque
1467 244 1632 273 senten-

211 311 312 352 tiam
343 328 456 352 suam
489 311 739 363 argumentis
772 322 926 357 tuetur,
957 310 1029 350 sed
1055 326 1159 365 quae
1190 311 1240 350 ad
1273 327 1363 350 eam
1389 310 1490 360 scre,
1526 326 1630 364 quae

210 389 325 429 ferro
369 388 434 438 fit,
482 386 756 427 evirationem
796 388 1018 442 pertinent.
1098 387 1253 427 Contra
1306 403 1352 426 ea
1399 386 1633 435 llalloxius,

213 481 297 505 non
317 476 481 504 excusat
500 464 646 515 modo,
681 465 752 504 sed
773 464 959 504 dilaudat
981 464 1054 504 lib.
1078 464 1149 505 IV.
1170 464 1286 516 Orig.
1305 465 1387 504 def.
1411 475 1571 519 quaest.
1592 462 1631 506 3.

209 542 299 593 Ego
330 541 491 594 singula
521 542 572 581 ab
601 553 780 597 utraque
811 552 929 596 parte
963 541 1143 581 collecta
1173 556 1259 581 non
1278 542 1482 591 referam3
1515 541 1629 596 quod

212 618 302 675 ipse
340 618 501 668 sentio,
543 618 686 673 paucis
726 635 945 674 exponam.
1015 618 1188 659 Certum
1227 629 1309 667 est,
1350 617 1632 657 voluntariam

213 695 278 736 sui
308 695 437 751 ipsius
469 695 763 746 exsectionem,
797 712 886 736 eam
919 695 1029 747 dico,
1062 712 1167 751 quae
1200 696 1246 735 fit
1277 695 1431 747 gladio,
1462 693 1633 734 vetitam

216 789 302 814 esse
340 773 601 829 Apostolicis
643 773 885 814 Canonibus
925 772 992 815 22.
1026 784 1066 813 et
1096 772 1163 815 24.
1231 776 1287 813 At
1328 789 1474 813 eorum
1508 772 1634 812 dubia

215 862 276 891 est
306 851 545 902 auctoritas,
579 862 621 891 et
651 850 817 906 penitus
850 853 899 891 ab
931 850 1128 891 Halloxio
1161 849 1384 906 respuitur.
1443 849 1634 889 Eandem

215 927 427 968 damnavit
467 927 669 968 exstincto
700 927 781 984 jam
813 928 885 969 diu
917 928 1101 981 Origene
1129 928 1360 969 Nic-aenum
1393 926 1633 968 Concilium

217 1004 375 1047 Canon.
410 1005 470 1056 1.,
513 1004 725 1046 damnavit
764 1017 804 1045 et
845 1005 1088 1046 Arelatense
1119 1005 1278 1046 Canon.
1314 1005 1350 1047 7.
1411 1003 1497 1059 Ipsi
1529 1019 1633 1059 quo-

213 1099 294 1138 que
325 1081 524 1132 Eusebio,
554 1095 763 1138 perpetuo
796 1082 895 1123 licet
931 1082 1125 1134 Origenis
1158 1080 1379 1131 laudatori,
1411 1079 1633 1120 vecordiae

214 1158 335 1216 hujus
377 1159 731 1214 vituperationem
780 1159 839 1200 vis
886 1159 1070 1200 veritatis
1112 1159 1325 1214 expressit.
1398 1159 1484 1200 Sed
1530 1157 1633 1213 quid

213 1237 349 1279 aliena
381 1237 691 1292 conquirimus,
733 1254 826 1278 cum
870 1237 1100 1278 domestica
1137 1237 1412 1292 suppeditent
1443 1235 1634 1276 testimo-

212 1314 309 1356 nia?
365 1314 600 1369 Utramque
633 1315 941 1364 castrationem,
975 1326 1015 1355 et
1047 1330 1150 1370 quae
1173 1314 1423 1363 exsectione,
1456 1324 1496 1353 et
1527 1328 1633 1368 quae

217 1392 493 1432 exsiccatione
523 1392 755 1446 perficitur,
807 1391 1020 1433 damnavit
1052 1393 1223 1432 demum
1254 1391 1479 1443 Origenes,
1510 1390 1635 1430 alios-

217 1485 310 1525 que,
339 1485 392 1509 ne
423 1468 562 1508 simile
592 1468 693 1524 quid
713 1468 753 1509 in
776 1486 818 1508 se
844 1469 1069 1524 aliquando
1099 1469 1382 1524 conciperent,
1414 1467 1637 1507 vehemen-

216 1559 282 1588 ter
311 1546 555 1594 absterruit,
607 1561 700 1585 cum
743 1545 833 1586 aliis
875 1546 998 1596 locis,
1049 1557 1140 1586 tum
1183 1544 1431 1601 praesertim
1477 1544 1561 1585 suis
1592 1544 1635 1584 in

214 1622 475 1666 B‘Iatthaeum
508 1622 842 1664 Commentariis.
904 1624 1043 1663 Locus
1084 1623 1263 1664 habetur
1302 1623 1426 1663 Tom.
1456 1622 1548 1664 XV.
1581 1622 1633 1662 ad

218 1711 306 1751 cap.
338 1695 489 1736 Manli.
513 1692 578 1736 19.
610 1692 731 1753 v·12·‚
762 1709 876 1734 num.
897 1693 931 1736 1.
956 1693 995 1736 2.
1023 1692 1061 1737 3.
1087 1693 1124 1735 4.
1155 1704 1195 1733 et
1219 1694 1271 1743 5.,
1305 1709 1430 1749 quem
1461 1693 1633 1734 omnino

218 1772 381 1815 consuli
411 1771 551 1812 velim.

327 1847 634 1904 Discipulos')
666 1863 763 1888 suos
796 1859 837 1887 et
867 1846 1094 1888 familiares
1133 1847 1293 1888 facinus
1322 1864 1444 1888 suum
1476 1848 1637 1889 celave-

218 1938 282 1968 rat
314 1925 541 1977 Origenes,
584 1924 735 1964 dubius
775 1924 903 1965 animi
941 1924 1110 1964 laudine
1141 1924 1240 1974 sibi,
1282 1940 1331 1963 an
1370 1926 1530 1979 probro
1563 1925 1638 1964 du-

220 2004 399 2045 cendum
439 2003 563 2042 foret.
630 2001 739 2041 Rem
781 2013 919 2041 tamen
961 2002 1171 2056 comperit
1207 2001 1470 2051 Demetrius,
1511 2019 1635 2057 quam

216 2082 487 2121 vehementer
515 2075 741 2118 admiratus
771 2077 968 2132 primum,
998 2089 1087 2118 tum
1117 2078 1310 2118 laudibus
1343 2078 1466 2118 ctiam
1491 2096 1638 2134 prose-

220 2169 352 2206 cutus,
385 2153 648 2197 confirmavit
680 2153 931 2205 Origenem,
976 2166 1227 2211 strenueque
1264 2167 1504 2211 susceptum
1543 2173 1638 2196 mu-

218 2252 295 2276 nus
324 2233 442 2291 jussit
470 2233 702 2273 traducere.
763 2231 873 2271 Tum
911 2231 978 2271 hic
1026 2232 1205 2287 denique
1242 2232 1416 2272 remotis
1456 2233 1637 2289 impedi-

217 2311 390 2362 mentis,
430 2309 646 2351 universos
687 2308 738 2348 ad
773 2325 815 2348 se
849 2308 1067 2348 erudiendi
1099 2325 1237 2349 caussa
1269 2309 1479 2350 venientes
1513 2310 1632 2350 nullo

218 2406 336 2432 sexus
376 2386 614 2429 discrimine
663 2385 844 2428 admisit.
927 2387 970 2425 [n
1011 2401 1157 2426 eorum
1197 2398 1335 2426 autem
1371 2386 1634 2427 institutione

220 2482 381 2509 summa
410 2482 453 2507 se
490 2463 683 2505 tractavit
714 2462 950 2515 diligentia,
997 2479 1206 2519 omneque
1247 2481 1368 2504 suum
1407 2464 1542 2505 otium
1582 2466 1634 2506 ad

221 2560 369 2585 eorum
397 2539 614 2594 negotium
649 2539 844 2582 contulit.

344 2697 383 2752 ¹)
415 2696 501 2738 Cfr.
532 2696 687 2738 Euseb.
717 2695 826 2738 Hist.
862 2696 1009 2736 eccles.
1041 2695 1112 2736 lib.
1144 2696 1217 2737 VI.
1250 2712 1337 2750 cap.
1368 2695 1407 2738 8.
