1759 3125
270 124 354 170 340
686 120 828 163 Pssrm
863 119 1081 162 Dmmms
1112 120 1277 163 Hunrn

273 254 366 279 mus
406 235 623 277 hominem
663 235 716 276 ad
753 233 984 287 imaginem
1019 245 1059 275 et
1097 232 1418 275 similitudinem
1449 240 1694 277 nostram:“

276 328 317 356 et
348 315 455 355 illud
487 313 639 354 Gencs.
669 312 742 354 XI.
774 312 814 355 7.
875 310 1068 361 „Venite,
1100 310 1412 360 descendamus,
1446 324 1486 352 et
1518 313 1695 352 consun-

277 394 422 434 damus
454 390 513 431 ibi
544 390 727 442 linguam
760 394 968 429 eorum:“
1007 387 1102 426 Deo
1146 403 1298 443 nempe
1331 388 1388 428 sie
1420 389 1588 440 angelos
1620 389 1698 429 ho—

277 469 460 511 miuibus
491 467 657 508 tuendis
687 467 924 522 praefectos
955 464 1215 518 alloquente,
1277 464 1416 505 Tomo
1450 482 1549 506 vero
1577 466 1698 508 XIX.

279 548 322 589 in
352 546 504 586 Joann.
534 559 650 585 num.
681 543 720 585 4.
761 560 808 583 ex
849 542 930 582 hoc
970 542 1129 581 Lucae:
1178 540 1425 597 ,‚Stulte,¹)
1465 543 1542 582 hac
1572 555 1698 583 nocte

279 624 460 666 animam
489 633 603 663 tuam
634 631 832 676 repetunt
862 635 884 659 a
922 624 1021 658 te:“
1059 617 1282 658 hominum
1323 618 1513 659 omnium
1544 620 1701 660 animas

282 719 304 744 a
337 703 632 757 ψυχαγωγοῖς
663 697 935 753 quibusdam,
966 695 1039 751 qui
1069 695 1217 737 animis
1247 695 1347 751 ipsis
1377 696 1700 752 praestantiores

283 791 391 829 sunt,
422 775 574 818 assumi
614 775 767 824 tradit,
814 785 938 829 atque
984 772 1105 830 hujus
1139 779 1439 830 ψυχαγωγίας
1469 773 1702 814 immunem

281 857 407 899 suisse
438 854 578 894 solum
611 851 825 893 Christum
864 852 1033 901 Jesum,
1084 850 1151 891 cui
1189 849 1344 906 reliqui
1388 867 1533 892 omnes
1576 850 1702 891 etiam

281 932 564 979 patriarchae,
608 928 870 984 Prophetae,
912 939 953 969 et
994 927 1193 983 Apostoli
1232 929 1349 968 fuere
1382 927 1568 970 obnoxii.
1628 930 1705 968 As—

283 1023 438 1054 sumtas
469 1019 608 1049 autem
640 1007 690 1046 ab
721 1005 876 1058 angelis
909 1005 1123 1046 custodiae
1155 1005 1346 1055 illarum,
1393 1006 1494 1045 dum
1537 1004 1580 1045 in
1612 1021 1706 1045 cor-

283 1105 389 1146 pore
421 1096 570 1134 essent,
601 1082 810 1138 deputatis
842 1081 1020 1133 animas,
1062 1082 1104 1123 in
1146 1081 1351 1140 judicium
1390 1084 1440 1123 ab
1480 1082 1566 1122 illis
1604 1081 1704 1138 ipsis

285 1168 487 1208 eductum
524 1161 578 1202 iri
616 1159 761 1200 scribit
801 1159 961 1202 Homil.
993 1160 1036 1200 in
1067 1161 1194 1200 Num.
1226 1159 1291 1202 11.
1321 1176 1435 1200 num.
1467 1159 1529 1209 4.,
1568 1170 1608 1199 et
1636 1157 1704 1201 20.

287 1260 402 1285 num.
431 1241 471 1283 4.
529 1241 619 1280 Nec
649 1236 690 1276 in
720 1235 926 1293 judicium
956 1237 1109 1288 solum,
1140 1237 1214 1277 sed
1244 1237 1285 1277 in
1315 1235 1534 1292 suppliciis
1565 1235 1705 1285 etiam,

285 1320 355 1360 vel
392 1316 550 1371 gloriae
593 1314 845 1355 destinatum
886 1314 1044 1354 locum.
1120 1314 1384 1367 Mortuus2)
1435 1320 1525 1362 est,
1569 1313 1708 1368 inquit
1742 1309 1755 1321 '¹

287 1395 452 1439 Homil.
482 1393 522 1436 9.
552 1391 596 1431 in
633 1390 768 1433 Levit.
807 1406 923 1431 num.
954 1390 1016 1441 4.,
1056 1389 1299 1440 Lazarus,
1338 1395 1384 1430 et
1423 1387 1648 1431 abductus
1665 1389 1706 1445 ³)
1752 1405 1759 1443 1⁴

287 1481 353 1516 est
385 1473 442 1513 ab
476 1467 656 1524 angelis
688 1469 737 1509 in
767 1469 917 1508 sinum
940 1465 1175 1510 Abrahae.
1223 1466 1447 1510 Similiter
1477 1473 1634 1508 autem
1663 1472 1711 1508 et
1757 1464 1759 1509 ζ

288 1549 433 1601 dives,
474 1552 521 1588 et
562 1542 843 1600 abductus⁴)
883 1551 953 1587 est
997 1542 1063 1586 ad
1087 1544 1328 1600 infernum
1357 1546 1405 1586 z‘n
1438 1543 1583 1586 locum
1615 1550 1710 1585 tor-

288 1628 445 1671 menti.
502 1620 849 1667 Anz'madvertz’s
892 1620 1128 1664 evidenter
1166 1623 1266 1664 loca
1302 1623 1441 1664 sortis
1470 1622 1708 1677 utriusque
1757 1643 1759 1647 ι

290 1705 526 1749 distincta.
595 1698 702 1744 Vide
732 1701 876 1742 etiam
905 1702 986 1756 qui
1010 1707 1131 1750 sunt,
1165 1700 1238 1757 qui
1269 1702 1504 1741 abducunt:
1528 1699 1568 1754 ⁵)
1602 1699 1708 1741 An-

287 1784 397 1842 geli,
428 1780 588 1836 inquit,
618 1779 697 1833 que·
714 1790 890 1834 semper
903 1779 1076 1834 parati
1092 1785 1201 1819 sunt
1227 1775 1292 1819 ad
1313 1774 1651 1819 abducendum:
1667 1776 1710 1832 ⁶)

290 1859 500 1904 ministri
535 1857 656 1898 enim
694 1855 791 1897 Dec·
824 1862 934 1896 sunt
964 1852 1030 1896 ad
1057 1853 1139 1896 hoc
1167 1857 1314 1911 ipsum
1345 1851 1590 1908 destinati,
1636 1854 1712 1908 qui

291 1937 513 1994 impleant
541 1939 737 1984 sortem,
768 1944 905 1987 quam
935 1933 1024 1973 tz'bz'
1050 1934 1143 1988 lpse
1169 1934 1426 1988 paraveris.
1486 1929 1649 1972 Homil.
1671 1930 1709 1972 5.

292 2017 337 2058 in
366 2016 492 2055 Num.
525 2026 639 2051 num.
670 2007 735 2058 3.,
775 2021 939 2050 sanctos
972 2009 1023 2049 ab
1054 2009 1210 2062 angelis
1240 2022 1338 2065 post
1366 2020 1549 2049 mortem
1579 2007 1712 2048 mani-

293 2094 371 2133 bus
402 2101 444 2130 et
470 2085 655 2127 humeris
686 2085 782 2125 vehi
815 2086 1097 2136 demonstrat,
1138 2087 1274 2126 donec
1304 2086 1348 2126 in
1379 2085 1530 2140 quietis
1565 2085 1711 2126 locum
1738 2120 1740 2125 .

295 2165 468 2211 deducti
497 2164 592 2205 sint.
654 2161 783 2215 Quod
832 2162 1057 2214 significari
1101 2162 1158 2202 ait
1202 2162 1279 2202 illo
1329 2162 1506 2203 Davidis
1555 2163 1710 2205 Psalm.

292 2245 408 2294 XCI,
440 2241 508 2286 11.
540 2240 608 2283 12.
667 2238 912 2293 „Quoniam
943 2239 1097 2292 angelis
1126 2239 1210 2280 suis
1240 2240 1456 2280 mandavit
1487 2241 1540 2281 de
1570 2252 1633 2291 te,
1662 2252 1711 2281 ut

295 2319 535 2365 custodiant
561 2328 604 2357 te
633 2314 677 2356 in
709 2315 903 2355 omnibus
926 2315 1001 2354 viis
1031 2316 1126 2357 tuis.
1178 2318 1227 2358 In
1258 2317 1450 2358 manibus
1480 2319 1712 2374 portabunt
1741 2324 1746 2329 '

231 2403 236 2405 ’
292 2413 350 2452 te,
378 2414 432 2440 ne
461 2397 574 2437 forte
605 2392 796 2434 offendas
832 2393 883 2433 ad
920 2392 1107 2448 lapidem
1150 2394 1305 2450 pedem
1341 2400 1507 2436 tuum.“
1566 2395 1628 2436 Ex
1658 2410 1710 2436 eo
1742 2388 1744 2390 ¹

419 2579 458 2636 ¹)
489 2580 593 2619 Luc.
623 2577 722 2626 XII,
753 2575 823 2619 20.
941 2576 982 2632 ²)
1017 2575 1105 2618 Cfr.
1137 2577 1239 2619 Luc.
1271 2576 1388 2628 XVI,
1417 2575 1484 2621 22.

413 2651 457 2707 ³)
487 2649 598 2690 Edd.
630 2645 799 2687 Huetii:
831 2642 1069 2687 adductus.

411 2721 452 2776 ⁴)
484 2718 593 2760 Edd.
624 2716 795 2758 Huetii:
825 2713 1061 2758 adductus.

410 2792 451 2847 5)
482 2788 592 2830 Edd.
622 2786 792 2828 Huetii:
822 2783 1070 2828 adducant.

410 2861 453 2918 ὅ)
483 2860 594 2902 Edd.
624 2856 791 2899 Huetii:
821 2853 1152 2900 adducendum.
