1759 3125
254 74 309 117 58
667 78 806 120 Pssrm
846 79 1061 121 DANmms
1092 80 1253 122 llUETu

257 188 326 229 trii
357 189 524 230 decreta
555 201 595 229 et
626 190 926 232 Alciiandrinas
965 193 1150 248 synodos
1187 193 1479 235 ecclesiasticis
1518 194 1671 235 muniis

257 267 478 307 defunctus
510 278 591 318 est3
631 268 810 309 docebat
843 269 1039 325 publice,
1082 280 1122 309 et
1161 269 1200 309 in
1243 270 1417 311 ecclesia
1457 272 1508 312 de
1547 272 1671 311 rebus

254 344 378 384 sacris
408 345 459 384 ad
490 344 701 399 populum
733 345 984 396 ‹lisscrebat3
1021 357 1145 401 atque
1186 347 1285 387 haec
1315 364 1400 388 non
1433 347 1672 390 Caesarien-

254 421 306 462 sis
338 421 527 476 episcopi
557 423 704 471 modo,
737 435 777 463 et
795 422 1173 479 Hierosolymitani
1205 424 1424 479 permissu,
1456 427 1527 466 sed
1561 425 1671 481 jussu

255 498 404 549 etiam;
445 499 516 555 qui
546 501 599 540 ad
630 500 739 540 huuc
770 516 900 539 unum
933 498 1177 554 Scripturas:
1217 518 1355 541 sacrae
1394 503 1673 557 interpretan-

256 572 330 615 dite
363 591 512 616 munus
544 577 799 618 detulerunt,
870 576 976 615 Cum
1019 577 1130 617 enim
1171 577 1210 617 in
1245 578 1331 635 ejus
1365 595 1504 618 caussa
1538 581 1671 619 variae

254 664 389 693 essent
419 653 633 694 variorum
672 653 923 702 sentcntiae,
966 653 1152 709 duasque
1194 655 1308 695 velut
1339 655 1379 696 in
1411 667 1549 711 partes
1578 655 1671 696 uni-

252 746 369 771 versa
398 730 567 771 abiisset
600 731 798 781 ecclesia3
833 729 1006 770 infensis
1048 730 1221 786 reliquis
1260 733 1542 787 patrocinium
1585 733 1672 789 ejus

252 825 299 849 ac
332 809 622 849 defensionem
656 808 902 856 Palaestina,
933 807 1184 861 Phoenicia,
1218 822 1261 850 et
1293 810 1446 851 Arabia
1479 826 1673 864 suscepe-

251 897 366 926 runt:
400 902 576 940 quarum
608 884 859 925 auctoritate
892 884 1024 925 fretus
1053 903 1142 927 sese
1181 887 1417 928 sacerdotio
1460 903 1507 927 ae
1538 888 1672 927 eccle-

250 963 332 1003 siae
366 963 667 1004 communione
698 962 899 1003 excidisse
940 961 1112 1003 minime
1142 976 1255 1004 ratus
1287 976 1359 1014 est,
1395 976 1435 1004 et
1466 965 1575 1004 inter
1605 980 1672 1003 eas

251 1043 423 1094 gradum
454 1058 574 1081 suum
607 1057 654 1081 ac
689 1039 933 1093 dignitatem
966 1040 1168 1084 obtinuit.

362 1120 499 1161 XVII.
559 1118 901 1175 Hierosolymam
951 1134 1121 1174 quoque
1161 1118 1311 1159 iisdem
1359 1118 1527 1159 circiter
1565 1131 1672 1160 tem-

249 1197 424 1253 poribus
455 1196 580 1246 adiit,
622 1194 802 1248 Christi,
847 1195 1242 1251 Apostolorumque
1285 1195 1445 1237 visurus
1487 1196 1668 1249 vestigia.

247 1274 311 1316 lbi
331 1276 369 1330 ¹)
401 1273 672 1313 vehementer
709 1274 759 1312 ab
800 1289 850 1312 eo
890 1272 1014 1328 petiit
1043 1274 1310 1313 sacerdotum
1343 1274 1593 1326 collegium,
1623 1286 1669 1314 ut

249 1351 291 1392 in
323 1351 499 1392 ecclesia
532 1352 656 1391 verba
696 1352 876 1404 faceret3
917 1366 1096 1406 cumque
1143 1350 1226 1389 vim
1264 1352 1317 1391 ad
1355 1352 1668 1407 impetrandum

248 1429 563 1485 propemodum
614 1429 864 1469 adhiberent
905 1428 978 1483 qui
1008 1439 1230 1483 praeerant
1258 1428 1404 1479 sacris,
1454 1445 1670 1482 assurgens

249 1507 321 1547 ille
353 1517 536 1546 assumto
578 1505 710 1555 libro,
757 1506 870 1545 unde
906 1505 987 1546 sibi
1025 1517 1316 1557 argumentum
1357 1507 1580 1559 deligeret,
1625 1508 1666 1548 in

248 1585 358 1626 hunc
389 1600 411 1624 e
441 1584 611 1625 Psalmo
634 1583 701 1626 49.
733 1599 898 1623 versum
920 1584 1030 1623 forte
1051 1582 1222 1623 incidit:
1255 1583 1550 1640 Peccator-fi)
1583 1598 1666 1625 au-

250 1671 340 1705 tem
380 1660 502 1704 discit
541 1661 692 1704 Deus:
744 1661 900 1713 Quare
942 1669 992 1702 tu
1030 1673 1231 1702 enarras
1271 1661 1480 1714 justitias
1527 1675 1668 1714 meas,

246 1748 294 1783 et
323 1741 516 1782 assumis
545 1746 872 1782 testamentum
900 1751 1049 1780 meum
1074 1751 1160 1794 per
1191 1751 1237 1779 os
1266 1740 1428 1781 tuum?
1473 1739 1573 1793 Quo
1604 1758 1670 1780 re-

249 1820 399 1867 citato,
444 1817 560 1873 quasi
598 1834 670 1857 sua
711 1816 791 1857 sibi
830 1833 852 1857 a
890 1817 987 1857 Deo
1027 1815 1207 1872 perfidia
1240 1817 1585 1871 exprobraretur,
1625 1817 1667 1856 in

247 1908 384 1937 tantos
423 1896 562 1935 luctus
601 1894 772 1944 incidit,
827 1906 873 1934 ut
922 1894 1180 1935 adstantibus
1228 1893 1432 1933 universis
1475 1894 1667 1935 lacrimas

249 1984 472 2015 excuteret.
535 1971 644 2011 Cum
677 1987 777 2011 vero
809 1988 852 2011 se
884 1971 1110 2026 aliquando
1138 1970 1304 2019 Christi,
1337 1971 1666 2025 Apostolorum-

247 2067 328 2109 que
357 2050 632 2106 perlustrasse
663 2048 834 2101 vestigia
863 2047 1158 2099 significaverit
1190 2048 1314 2088 Tom.
1342 2040 1409 2089 ΧῘ.
1441 2047 1483 2088 in
1514 2049 1665 2090 Joanu.

247 2146 362 2170 num.
394 2127 476 2176 24„
508 2126 569 2166 his
597 2126 864 2182 temporibus
895 2126 939 2166 id
969 2125 1100 2165 tribui
1131 2141 1253 2180 posse
1286 2142 1515 2166 censemus.
1561 2127 1665 2167 lude

248 2222 347 2247 vero
381 2222 467 2245 non
496 2204 632 2243 multo
665 2215 762 2258 post
795 2203 998 2256 digressus
1033 2214 1105 2243 est.

358 2283 517 2324 XVIII.
577 2280 736 2323 Scribit
764 2280 1025 2336 Epiphanius
1057 2281 1181 2322 Haer.
1216 2279 1281 2322 64.
1315 2296 1403 2334 cap.
1437 2279 1497 2330 3¹²
1540 2293 1580 2322 et
1611 2283 1662 2323 de

247 2362 377 2418 pond.
411 2371 452 2400 ct
480 2375 609 2399 mens.
644 2375 732 2414 cap.
768 2358 855 2408 18,
896 2359 1055 2415 Tyrum
1096 2356 1349 2398 concessisse
1390 2357 1527 2413 ipsum
1566 2372 1663 2415 post

245 2436 681 2494 Hierosolymitanum
713 2435 815 2485 iter,
861 2447 983 2491 atque
1023 2435 1083 2476 ibi
1121 2452 1198 2492 per
1238 2451 1444 2476 annorum
1483 2448 1580 2477 octo
1624 2451 1663 2479 ct

367 2649 406 2703 ¹)
436 2648 552 2688 Haec
585 2662 632 2686 ex
664 2645 812 2685 iisdem
844 2644 1019 2700 impuris
1051 2645 1238 2686 sontibus
1269 2662 1314 2685 ac
1348 2645 1541 2698 Origenis
1572 2646 1660 2687 ido-

247 2705 438 2746 lolatriac
467 2703 685 2743 historiam
715 2700 851 2742 hausit
880 2702 1155 2758 Epiphanius.
1175 2703 1223 2743 R.
1253 2725 1302 2731 —
1337 2702 1423 2743 Csr.
1455 2702 1662 2758 Epiphan.

247 2763 371 2804 Haer.
403 2761 469 2805 (il.
502 2777 589 2815 cap.
621 2759 658 2801 ¹2.

362 2834 405 2887 2)
437 2832 520 2874 css.
554 2818 787 2878 Psaim'j'n
819 2829 881 2873 10.
917 2830 1111 2883 (xcix.)
