1759 3125
205 74 261 118 44
619 75 760 117 PssTm
791 76 1008 118 DANIELts
1041 77 1207 119 ΗυΕΤιι

205 188 341 229 ducor
382 199 431 228 ut
480 189 648 229 credam
686 192 763 244 p'er
801 189 975 239 saltum,
1017 200 1064 229 ut
1112 200 1285 238 vocant,
1334 188 1625 245 presbyterum

204 265 333 307 fuisse
375 264 637 316 ordinatum,
683 276 814 321 prout
855 265 1080 322 primaevis
1120 264 1320 306 ecclesiae
1359 264 1623 320 temporibus

207 342 248 383 in
279 359 398 383 more
429 343 616 398 positum
649 344 739 383 fuit.
803 343 850 383 Id
890 355 979 383 tum
1013 342 1209 394 contigit,
1253 359 1350 383 cum
1393 342 1624 383 Antioche-

205 437 282 461 nae
323 419 521 460 ecclesiae
562 419 746 472 regimen
789 419 1010 475 capessivit
1053 420 1261 471 Zebinus‚
1311 420 1464 462 Christi
1503 419 1625 460 nimi-

205 515 297 538 rum
329 497 412 540 228
458 513 580 546 aun0,
612 497 837 537 Alexandri
863 496 1008 538 Severi
1031 497 1082 546 7.‚
1115 496 1308 549 Origenis
1330 496 1394 540 43.
1444 497 1624 537 Factum

207 577 291 617 hoc
321 592 343 616 a
373 574 638 616 sanctissimis
672 574 880 630 episcopis
911 574 951 613 in
983 573 1154 614 homine
1195 574 1366 615 ditionis
1398 591 1484 615 non
1514 590 1625 623 suae,

206 654 283 694 sub
312 652 557 693 testimonio
599 653 801 708 epistolae
842 650 1165 703 ecclesiasticae,
1217 668 1297 707 qua
1338 652 1625 692 discedentem

205 729 449 771 Demetrius
497 731 633 770 fuerat
677 740 946 784 prosecutus;
996 739 1040 767 ut
1088 728 1139 768 ad
1185 744 1281 768 eum
1320 729 1384 769 sui
1422 729 1627 785 purgandi

211 824 350 849 caussa
381 806 596 862 rescripsit
628 806 886 854 Alexander,
929 817 1148 845 mansueto
1190 805 1254 846 vir
1292 806 1460 859 ingenio
1501 819 1625 862 atque

209 886 316 926 leni:
348 884 464 942 cujus
494 896 644 925 testem
685 885 833 924 damus
864 882 1175 940 Hieronymum
1221 883 1294 925 lib.
1338 885 1389 924 de
1429 884 1623 940 scriptor.

210 963 357 1004 eccles.
400 962 444 1003 in
485 961 667 1014 Origene
708 973 749 1002 et
786 961 1040 1003 Alexandro.
1112 960 1403 1015 Quamobrem
1436 960 1627 1017 episcopi

207 1040 391 1098 Aegypti
421 1051 462 1080 et
501 1039 778 1080 Alexandriae
816 1038 859 1079 in
900 1037 1112 1096 Synodica
1150 1039 1388 1094 epistola¹)
1430 1040 1627 1080 adversus

210 1118 404 1171 Origenis
436 1117 695 1167 doctrinam,
729 1121 1110 1174 χειροτονηθέντα
1151 1115 1290 1159 αὐτὸν
1319 1115 1629 1173 πρεσβύτερον

208 1194 300 1239 ὑπὸ
333 1199 407 1250 τῆς
437 1198 679 1249 κανονικῆς
720 1212 763 1239 τε
803 1196 880 1237 καὶ
921 1196 1029 1249 μιᾶς
1061 1191 1214 1249 χειρὸς
1255 1193 1472 1249 ἀληθινῆς
1503 1211 1629 1248 agno-

208 1285 342 1315 scunt.
402 1272 503 1328 Quo
547 1272 676 1325 magis
714 1273 849 1314 miror
885 1271 1098 1327 scripsisse
1138 1271 1341 1312 Photium
1381 1272 1487 1314 Cod.
1522 1272 1630 1323 118„

210 1351 462 1392 Alexandria
494 1350 722 1403 Origenem
752 1350 1018 1406 profectum,
1049 1350 1205 1404 absque
1241 1350 1405 1405 proprii
1439 1351 1631 1406 episcopi

210 1444 414 1469 consensu
457 1428 708 1486 presbyterii
749 1427 992 1480 dignitatem
1033 1426 1276 1482 suscepisse.
1355 1428 1475 1468 Idem
1515 1428 1633 1468 addit

210 1505 311 1547 facti
355 1517 572 1546 auctorem
611 1505 739 1545 fuisse
779 1504 1096 1553 Theoctistum,
1134 1505 1409 1559 probatorem
1452 1505 1632 1546 Alexan-

213 1585 353 1628 drum.
391 1583 500 1625 Utut
513 1582 553 1639 2)
588 1594 662 1632 est,
693 1582 776 1622 hoc
807 1581 958 1622 dolore
989 1580 1170 1633 graviter
1201 1582 1350 1622 exarsit
1370 1583 1629 1633 Demetrius,

213 1674 255 1703 et
295 1679 342 1703 ex
379 1660 532 1714 insigni
563 1659 757 1712 Origenis
803 1659 937 1712 gloria
976 1658 1136 1715 jamdiu
1184 1660 1226 1699 in
1267 1659 1359 1699 sinu
1400 1660 1629 1701 collectum

211 1739 395 1780 invidiae
424 1739 538 1779 virus
569 1749 708 1778 totum
732 1736 942 1787 evomuit,
975 1737 1089 1777 unde
1121 1736 1306 1788 ingentes
1323 1737 1500 1778 subinde
1533 1754 1632 1779 con-

214 1817 329 1859 citati
362 1816 569 1857 tumultus
607 1826 742 1855 totam
782 1813 1002 1854 ecclesiam
1041 1814 1085 1854 in
1123 1814 1327 1855 factiones
1365 1814 1630 1870 dissiparunt.

211 1896 320 1937 Nam
348 1894 537 1950 primum
576 1891 772 1944 Origenis
814 1892 1131 1941 castrationem,
1170 1891 1348 1932 mirifice
1389 1908 1411 1932 a
1439 1908 1483 1934 se
1514 1905 1633 1933 antea

213 1972 425 2014 laudatam
457 1982 497 2011 et
527 1970 762 2025 probatam,
795 1967 967 2022 publice
1000 1968 1173 2007 differre
1205 1984 1252 2008 ac
1281 1969 1502 2010 traducere
1536 1987 1631 2011 coe-

212 2049 292 2107 pit,
322 2047 544 2090 ecclesiam
576 2062 745 2087 omnem
775 2045 972 2085 adversus
1011 2059 1108 2084 eum
1139 2044 1372 2096 concitare,
1414 2047 1524 2088 hunc
1556 2049 1633 2088 ho-

213 2143 320 2169 nore
349 2124 576 2167 sacerdotii
603 2123 784 2180 privare,
816 2132 856 2161 et
885 2121 936 2161 ab
969 2120 1168 2161 ecclesiae
1199 2134 1417 2178 postremo
1443 2141 1634 2167 commu-

211 2205 342 2247 nione
371 2218 599 2256 segregare.
656 2201 807 2242 Narrat
837 2197 995 2255 quippe
1025 2197 1202 2238 Photius
1235 2199 1339 2241 Cod.
1365 2200 1473 2251 118„
1502 2204 1634 2256 gemi-

214 2300 312 2325 nam
342 2283 539 2323 adversus
571 2295 668 2320 eum
690 2288 878 2318 coactam
899 2275 1026 2316 fuisse
1043 2277 1273 2333 synodum3
1307 2295 1483 2333 quarum
1513 2282 1633 2336 prior

218 2360 427 2418 episcopis
467 2358 651 2414 aliquot,
691 2367 732 2396 et
769 2352 1024 2411 presbyteris
1066 2354 1264 2405 conflata,
1312 2372 1406 2398 eum
1450 2358 1631 2399 docendi

215 2454 391 2481 munere
423 2434 705 2478 abdicandum
727 2444 767 2473 et
791 2431 1040 2472 Alexandria
1066 2431 1312 2486 pellendum
1342 2436 1485 2486 sanxit,
1516 2452 1633 2491 pres-

215 2515 369 2575 byterii
400 2513 643 2567 dignitatem
674 2527 760 2552 non
791 2509 984 2561 abstulit;
1014 2509 1142 2549 altera
1175 2526 1197 2550 a
1226 2513 1447 2553 Demetrio
1481 2530 1529 2554 ex
1559 2514 1634 2554 ali-

342 2753 384 2810 ἢ
414 2753 499 2796 Cfr.
534 2750 697 2794 Concil.
729 2751 853 2792 Tom.
886 2751 935 2792 V.
965 2766 1056 2806 pag.
1089 2749 1182 2793 660.

341 2824 385 2879 ²)
417 2823 505 2866 Cfr.
534 2822 689 2865 Euseb.
720 2821 881 2864 Histor.
925 2821 1071 2863 eccles.
1104 2819 1176 2863 lib.
1205 2819 1274 2862 Vl.
1308 2835 1397 2875 cap.
1427 2820 1467 2864 8.
1501 2831 1543 2861 et.
1568 2819 1632 2865 23.
