1759 3125
477 109 866 150 Omommssonum
906 109 1047 149 Lmen
1081 109 1134 148 ΙΙ.
1424 107 1507 152 325

86 241 106 264 a
131 223 317 264 Domino
349 231 603 277 potestatem
635 219 888 275 acceperint.
939 220 1258 277 Mcermajgmza
1281 220 1380 259 hacc
1401 236 1501 274 pro-

86 300 148 340 dit
179 298 380 349 Origenes
410 313 496 337 non
527 312 612 336 uno
645 297 762 337 loco.
820 296 1026 337 Videatur
1056 295 1219 337 Homit.
1245 296 1308 338 16.
1342 294 1381 334 in
1414 295 1498 336 Gt·-

84 393 170 417 nes.
199 391 312 416 num.
344 374 400 424 2,
431 385 471 416 et
501 373 661 415 Homil.
698 374 764 417 11.
797 372 840 413 in
870 374 997 414 Num.
1029 372 1216 424 num.4.,
1246 373 1286 412 in
1320 388 1399 427 qua
1430 387 1497 410 su-

75 467 154 506 pra
185 450 526 492 commemoratis
567 450 667 491 haec
707 449 915 507 adjungit,
966 450 1073 492 alios
1113 466 1283 506 quoque
1321 450 1497 488 fortasse

81 525 332 567 extrinsecus
363 543 450 567 esse
481 527 663 579 angelos,
696 527 768 582 qui
800 543 848 566 ex
877 525 1082 567 universis
1108 526 1314 567 Gentibus
1347 525 1495 565 fideles

77 620 264 659 quosque
305 616 578 656 congregent,
629 620 780 659 easque
823 604 1079 655 gubernent,
1130 621 1224 644 cum
1263 619 1285 643 a
1324 603 1492 644 Christo

74 679 154 734 ipsi
185 681 489 732 gubernentur,
531 680 603 736 qui
633 693 724 721 non
755 687 853 721 tam
882 693 972 723 rex
1000 678 1209 732 dicatur,
1241 692 1377 736 qnam
1406 691 1493 720 rex

73 769 260 812 regnum
298 764 344 798 et
382 770 472 798 non
503 762 603 797 tam
632 757 882 805 Dominus,
919 770 1055 813 quam
1084 757 1309 799 Dominus
1339 754 1490 797 dome·-

72 836 312 884 uantc'um;
342 835 544 890 additque
575 834 709 889 paulo
736 834 911 878 inferius
940 851 1130 887 magnam
1155 834 1490 876 sollicitudinem

72 911 242 963 angelos
274 911 474 952 adhibere
504 910 554 951 iis
586 910 850 961 excolendis,
899 927 1004 966 quos
1032 910 1173 951 studio
1205 928 1282 952 suo
1312 928 1359 952 ac
1390 910 1489 950 dili-

71 987 209 1039 gentia
239 989 290 1028 ab
323 988 535 1033 erroribus
566 989 618 1028 ad
647 988 776 1028 fidem
808 987 1079 1028 traduxerint.
1148 988 1235 1030 Sed
1267 999 1307 1028 et
1336 985 1489 1028 Homi-

71 1065 169 1104 liam
199 1064 267 1108 23.
299 1064 341 1104 in
379 1065 509 1105 Josue
549 1081 664 1105 num.
695 1064 734 1107 3.
776 1063 882 1104 adiri
920 1062 1071 1120 jubeo,
1109 1077 1151 1105 et
1190 1064 1487 1105 duodecimam

71 1140 113 1180 in
147 1142 325 1191 Lucam,
356 1141 397 1181 in
430 1158 510 1197 qua
540 1141 758 1182 nationum
790 1141 1004 1197 praesides
1035 1141 1205 1194 angelos
1234 1143 1310 1182 sub
1346 1140 1486 1195 impo-

70 1218 151 1257 sito
181 1217 262 1258 sibi
294 1234 421 1259 onere
452 1218 690 1259 fatiscentes
722 1217 819 1275 jam,
850 1235 896 1259 ac
928 1218 1066 1259 labori
1097 1223 1300 1275 impares,
1332 1216 1487 1259 Christi

67 1295 328 1336 adventantis
358 1295 514 1336 auxilio
546 1295 681 1335 fuisse
703 1296 946 1336 sublevatos
974 1296 1177 1336 affirmat:
1208 1312 1254 1336 ac
1272 1296 1426 1339 librum
1451 1295 1487 1336 1.

69 1375 172 1427 περὶ
194 1371 363 1427 ἀρχῶν,
397 1388 485 1427 cap.
509 1374 546 1413 8.
578 1389 693 1414 num.
717 1372 770 1423 1.,
801 1384 842 1413 et
873 1372 1028 1412 librum
1044 1372 1082 1415 3.
1118 1388 1207 1428 cap.
1226 1371 1264 1416 3.
1294 1389 1410 1413 num.
1429 1371 1485 1420 2.,

67 1449 139 1488 ubi
169 1449 407 1504 principem
430 1450 545 1506 Tyri,
578 1461 618 1490 et
646 1449 886 1505 principem
908 1450 1146 1499 Persarum,
1178 1461 1220 1490 et
1237 1449 1482 1509 Principem

67 1526 351 1575 Graecorum,
395 1542 577 1581 quorum
616 1526 775 1566 mentio
817 1527 865 1567 fit
902 1526 1054 1568 Ezech.
1083 1526 1151 1569 28.
1192 1537 1234 1569 et
1260 1526 1368 1566 Dan.
1401 1526 1482 1574 10.,

65 1603 239 1643 virtutes
272 1604 470 1658 quasdam
499 1602 737 1658 spirituales
770 1619 857 1643 esse
888 1602 1054 1654 asserit3
1082 1604 1282 1652 bonasne,
1313 1618 1363 1642 an
1393 1617 1480 1647 ma-

64 1680 136 1728 las,
166 1681 247 1719 boc
278 1680 376 1720 loco
408 1697 494 1720 non
526 1680 694 1731 definit3
735 1691 777 1720 at
810 1679 959 1721 definit
987 1680 1147 1725 Homil.
1179 1679 1245 1724 35.
1287 1679 1329 1719 in
1361 1681 1478 1728 Luc„

65 1768 106 1796 ct
143 1757 355 1812 principes
391 1757 513 1808 illos,
553 1758 780 1798 daemones
815 1757 1128 1812 interpretatur.
1195 1758 1343 1812 Neque
1382 1772 1479 1799 sane

62 1833 103 1873 in
137 1849 186 1874 eo
220 1834 487 1874 consentiunt
514 1834 625 1874 inter
654 1851 695 1875 se
726 1835 896 1883 Patres,
934 1834 1160 1874 daemones
1190 1849 1256 1874 eas
1289 1849 1376 1874 esse
1408 1835 1479 1874 de-

63 1911 330 1951 cernentibus
360 1910 475 1960 aliis,
518 1911 609 1951 aliis
640 1910 832 1962 angelos,
879 1926 1111 1966 eorumque
1143 1911 1479 1952 concertationes

62 2003 84 2028 a
113 1987 293 2028 Daniele
324 1987 531 2043 expositas
562 1987 604 2027 in
634 1999 796 2028 rectum
826 2003 993 2028 sensum
1021 1988 1296 2032 trahentibus.

173 2067 231 2106 At
261 2065 375 2105 enim
406 2063 592 2104 difficilis
619 2064 786 2105 videtur
803 2064 1081 2117 Origenianae
1108 2064 1230 2121 hujus
1261 2082 1477 2108 commen-

59 2142 228 2183 tationis
258 2142 392 2194 rati03
428 2158 525 2181 nam
556 2141 592 2182 si
621 2143 860 2183 constituit
879 2143 916 2197 ¹)
955 2141 1216 2185 Altz'SSl'muS
1254 2147 1475 2187 terminos

55 2219 324 2275 populorum
341 2220 493 2274 Juxta
528 2231 772 2260 numerum
809 2218 1084 2275 angelorum
1114 2221 1218 2273 Dei,
1250 2222 1377 2261 suerit
1405 2238 1476 2261 an-

61 2296 252 2348 gelorum
281 2311 479 2335 numerus
519 2295 681 2351 oppido
714 2296 906 2349 exiguus3
942 2313 1030 2337 non
1066 2299 1224 2338 multae
1262 2298 1473 2353 siquidem

63 2373 220 2413 Gentes
251 2374 398 2412 orbem
435 2370 640 2413 incolunt.
699 2375 857 2414 Verum
898 2374 1093 2430 expedita
1133 2387 1195 2415 est
1231 2375 1474 2431 responsi03

62 2466 140 2489 nec
172 2449 284 2489 enim
315 2448 519 2504 quidquid
549 2450 712 2505 uspiam
743 2451 989 2503 angelorum
1022 2464 1103 2501 est,
1146 2452 1239 2492 orbi
1278 2453 1375 2492 huic
1407 2469 1472 2492 re-

61 2532 196 2578 gendo
229 2526 474 2582 deputatum
506 2525 703 2578 intelligit
734 2529 1019 2579 Adamantius,
1050 2530 1122 2569 sed
1142 2529 1309 2570 selectis
1326 2531 1476 2585 aliqui-

63 2604 139 2643 bus
185 2620 232 2643 ex
279 2602 549 2643 inferioribus
595 2605 813 2646 ordinibus
858 2606 1013 2658 angelis
1052 2607 1094 2647 id
1131 2607 1316 2647 muneris
1346 2607 1472 2647 fuisse

64 2680 330 2735 impositum,
371 2698 418 2721 ex
456 2681 505 2721 iis
544 2697 674 2736 porro
705 2684 935 2727 nonnullos
964 2685 1064 2726 totis
1095 2686 1331 2741 praefectos
1362 2684 1476 2726 Gen-

186 2834 224 2888 1)
257 2834 384 2878 Dent.
416 2837 596 2887 xxxu,
631 2838 671 2881 e.
