1759 3125
479 73 869 114 OmGEMANoRUM
900 70 1043 111 Lmen
1072 72 1123 110 11.
1411 72 1494 118 131

80 202 176 226 cum
205 199 322 226 suam
353 183 443 238 ipse
469 197 652 222 caussam
669 182 824 236 prodat
852 182 978 225 Tom.
995 181 1034 224 2.
1066 181 1107 221 in
1124 182 1280 224 Joann.
1311 200 1425 227 num.
1446 185 1497 235 3.,

79 263 152 302 ubi
185 261 392 317 quendam
422 258 673 314 impugnans
704 259 1036 316 δογματίζονια
1066 259 1183 314 μηδὲ
1215 258 1377 303 οὐσίαν
1398 261 1496 304 τινὰ

76 443 203 483 quam
234 425 306 481 qui
335 425 503 466 unicam
533 426 576 466 in
607 425 813 467 Trinitate
845 437 1056 475 statuunt,
1097 427 1147 465 ab
1179 425 1228 466 iis
1263 428 1492 481 Origenem

74 498 216 553 palam
249 508 291 536 et
320 507 464 551 aperte
497 496 728 537 dissentire.
788 497 833 547 I.‚
865 496 1141 552 Perspicuum
1183 509 1244 537 est
1283 498 1390 539 nihil
1420 516 1493 540 ne-

74 566 177 619 gotii
209 581 295 606 esse
330 565 505 618 Origeni
537 583 631 607 cum
666 565 894 606 Catholicis
933 583 1059 607 unam
1097 566 1139 606 in
1176 566 1309 607 tribus
1348 585 1494 623 perso-

74 636 136 677 nis
169 635 386 676 essentiam
420 635 752 686 admittentibus,
783 636 856 676 sed
888 651 983 676 cum
1013 634 1256 686 Noetianis,
1298 638 1366 692 qui
1400 640 1493 679 nul-

73 707 156 747 lam
187 705 404 761 propriam
436 705 618 761 Spiritus
651 706 782 746 sancti
813 705 1086 746 substantiam
1117 705 1342 747 subsistere
1374 710 1493 749 vole-

71 777 191 827 bant;
221 787 292 816 aut
321 775 356 815 si
384 775 553 816 Patrem
585 792 607 816 a
636 776 752 816 Filio
785 775 1117 828 distinguebant,
1157 776 1305 815 saltem
1346 793 1396 818 eo
1429 780 1492 819 se-

72 848 291 894 rebantur,
330 858 378 886 ut
420 846 628 901 Spiritum
665 858 855 886 sanctum
894 847 1074 886 eundem
1124 861 1210 886 esse
1241 862 1288 886 ac
1319 847 1490 890 Patrem

70 915 364 956 existimarent.
441 915 583 969 Quare
624 917 738 971 apud
776 915 1003 967 Origenem
1047 915 1256 971 Spiritum
1304 930 1492 960 sanctum

72 987 252 1026 eundem
283 1002 330 1026 ac
359 986 528 1026 Patrem
573 986 830 1035 existimare,
871 986 985 1026 idem
1025 997 1146 1026 sonat
1186 1001 1233 1025 ac
1272 988 1490 1043 propriam

72 1055 184 1096 illius
215 1057 487 1096 substantiam
518 1072 597 1110 per
625 1071 669 1096 se
699 1054 995 1096 subsistentem
1015 1072 1179 1107 negare.
1229 1057 1364 1111 Atque
1388 1058 1491 1100 hanc

71 1126 197 1166 fuisse
223 1126 350 1166 Noeti
383 1125 556 1178 Origeni
588 1125 772 1181 aequalis
803 1125 1051 1166 sententiam
1091 1125 1286 1165 omnibus
1325 1140 1488 1171 notum.

69 1197 110 1236 Is
142 1196 250 1236 enim
274 1195 458 1236 divinam
490 1195 710 1236 essentiam
742 1212 818 1250 per
847 1212 890 1235 se
921 1197 1145 1237 subsistere
1176 1212 1263 1236 non
1292 1201 1490 1252 negabat;

67 1267 141 1307 sed
172 1282 250 1321 per
278 1282 321 1305 se
352 1266 577 1306 subsistere
608 1266 650 1306 in
681 1266 814 1306 tribus
847 1267 1061 1321 personis,
1111 1267 1169 1307 ita
1208 1277 1254 1306 ut
1285 1283 1362 1321 per
1391 1286 1491 1323 pro·

67 1335 265 1392 prietates
295 1337 537 1390 personales
568 1336 742 1392 propria
774 1337 828 1376 sit
849 1336 1048 1393 cujusque
1071 1353 1290 1392 personae,
1323 1337 1366 1377 id
1398 1355 1492 1393 pcr-

68 1407 257 1457 negabat.
317 1404 435 1444 Nihil
464 1406 591 1458 igitur
621 1406 735 1446 aliud
756 1407 945 1446 defendit
965 1406 1183 1458 Origenes,
1216 1423 1339 1461 quam
1373 1410 1490 1463 quod

69 1476 137 1516 isti
168 1476 386 1527 negabant,
419 1475 626 1531 Spiritum
658 1487 847 1515 sanctum
879 1492 1102 1530 personam
1136 1493 1223 1516 esse
1255 1478 1416 1518 aPatre
1450 1490 1492 1519 et

69 1546 182 1586 Filio
216 1545 470 1587 distinctam.
518 1547 588 1595 II.,
619 1545 833 1585 Essentiae
867 1557 908 1585 et
939 1547 1170 1603 hypostasis
1191 1546 1364 1587 nomine
1396 1564 1492 1602 per-

68 1633 214 1657 sonam
245 1615 307 1656 his
338 1615 382 1656 in
412 1615 519 1656 locis
552 1615 760 1668 designari
794 1629 936 1657 contra
970 1633 1093 1671 quam
1125 1616 1293 1656 videtur
1318 1618 1490 1668 Huetio,

67 1687 212 1728 multis
250 1685 502 1727 testimoniis
535 1686 783 1728 declaratur.
852 1687 1000 1741 Neque
1043 1686 1153 1727 enim
1196 1688 1318 1728 aliter
1357 1689 1491 1744 accipi

67 1767 244 1812 possunt
281 1757 383 1796 haec
422 1757 549 1796 verba
582 1773 627 1796 ex
668 1757 792 1798 Tom.
824 1757 963 1798 XVII.
1005 1756 1046 1796 in
1087 1757 1236 1797 Matth.
1277 1774 1391 1800 num.
1425 1759 1488 1801 14.

71 1827 136 1871 Οὐ
179 1830 422 1882 νομιστέον
469 1824 559 1884 γὰρ
602 1821 717 1869 εἶναι
768 1824 882 1882 ὑπὲρ
923 1826 1058 1869 αὐτοῦ
1100 1825 1204 1874 τοὺς
1245 1824 1298 1868 πὶ
1341 1825 1490 1882 ψεύδη

68 1899 357 1954 φρονοῦντας
385 1900 489 1950 περὶ
522 1896 685 1950 αὐτοῦ,
721 1901 952 1952 ([(ινιασίᾳ
984 1899 1061 1939 τοῦ
1093 1893 1296 1946 δοξάζειν
1327 1897 1487 1940 αὐτόν*

69 1966 226 2011 ὁποῖοί
262 1969 377 2010 εἰσιν
426 1967 469 2007 οἱ
517 1971 783 2021 συγχέοντες
819 1963 991 2020 πατρὸς
1028 1969 1104 2007 καὶ
1146 1968 1245 2008 υἱοῦ
1288 1967 1488 2023 ἔννοιαν,

69 2041 144 2080 καὶ
177 2039 227 2096 τῇ
261 2032 506 2079 ὑποστάσει
539 2035 618 2077 ἕνα
651 2033 854 2083 διδόντες
894 2035 994 2091 (leg.
1028 2034 1341 2092 διδάσκοντες)
1374 2035 1488 2082 εἶναι

69 2105 148 2150 τὸν
186 2111 360 2163 πατέρα
401 2109 478 2149 καὶ
520 2104 600 2148 τὸν
638 2106 760 2161 υἱὸν,
809 2110 858 2165 τῇ
903 2107 1084 2161 ἐπινοίᾳ
1123 2104 1244 2166 μόνῃ
1283 2111 1359 2150 καὶ
1400 2115 1491 2158 τοῖς

70 2174 263 2233 ὀνόμασι
296 2179 575 2231 διαιροῦντες
606 2174 654 2220 τὸ
688 2177 736 2219 ἓν
767 2175 1090 2231 ὑποκείμενον.
1159 2177 1374 2218 Habemus
1405 2180 1487 2220 hoc

69 2247 166 2287 loco
199 2248 371 2287 eosdem
403 2246 649 2296 haereticos,
682 2263 731 2286 ac
760 2247 1003 2302 superiore,
1044 2248 1305 2301 eandemque
1338 2247 1488 2300 Orige-

68 2317 131 2357 nis
161 2317 423 2358 sententiam.
483 2316 741 2373 Hypostasin
775 2328 815 2356 et
846 2316 1112 2372 suppositum
1145 2316 1231 2356 sive
1263 2334 1486 2372 personam

68 2387 186 2426 nullo
220 2387 462 2427 discrimine
493 2386 686 2439 adhibet3
726 2403 773 2427 ac
811 2387 977 2427 Patrem
1012 2399 1053 2427 ct
1082 2387 1243 2428 Filium
1273 2387 1489 2446 hypostasi

69 2472 199 2495 unum
229 2457 398 2509 fingere,
431 2457 545 2497 idem
579 2468 739 2506 censet,
776 2473 824 2497 ac
861 2473 986 2496 unam
1027 2468 1068 2496 et
1106 2456 1362 2509 singularem
1395 2477 1491 2514 per-

69 2542 212 2566 sonam
254 2529 343 2567 sola
391 2527 644 2579 cogitatione
684 2543 730 2567 ac
780 2526 880 2566 solis
928 2525 1170 2566 nominibus
1217 2528 1488 2581 distinguere.

70 2596 166 2635 Non
201 2611 297 2647 ergo
329 2597 594 2646 substantiae,
628 2598 701 2637 sed
733 2612 938 2651 personae
969 2596 1298 2647 singularitatem
1330 2600 1370 2640 in
1394 2600 1488 2640 Tri-

71 2664 198 2704 nitate
241 2667 512 2716 condemnat,
563 2684 738 2723 eamque
778 2665 1094 2706 distinctionem
1133 2668 1337 2724 requirit,
1383 2685 1488 2725 quae

71 2734 161 2774 sola
194 2735 448 2786 cogitatione
479 2752 526 2776 ae
556 2737 658 2778 solis
687 2737 930 2778 nominibus
961 2753 1048 2777 non
1080 2738 1362 2780 continentur.
1422 2739 1489 2780 Si-

71 2803 231 2844 militer
262 2802 386 2847 Tom.
417 2807 471 2847 ll.
504 2806 546 2847 in
575 2809 727 2850 Joann.
759 2825 874 2849 num.
905 2807 944 2852 2.
976 2807 1192 2862 duplicem
1224 2808 1396 2849 classem
1427 2808 1489 2847 iu-

1060 2882 1135 2924 94(-
