1759 3125
481 107 874 148 Omessmmonum
912 104 1052 146 anmz
1084 105 1140 146 II.
1422 102 1504 148 197

92 218 177 262 dor
200 223 464 275 generatur
494 229 524 258 a
553 216 673 258 luce:
717 226 758 256 et
797 231 886 271 cap.
918 214 983 258 19.
1041 211 1136 257 Sed
1167 221 1215 256 et
1248 214 1508 271 Joarmes¹)

90 294 279 343 indicat,
309 295 415 349 quia
431 293 560 335 Deus
588 293 671 335 lux
700 299 782 343 est,
812 299 858 334 et
875 291 1050 334 Paulus
1064 293 1108 349 2)
1137 289 1369 348 desagmat,
1399 293 1508 347 quia

89 372 235 416 Filius
262 368 476 426 splendor
506 370 618 411 lucis
656 377 880 412 aeternae
916 371 978 410 sz't
1014 368 1156 411 Deus.
1222 366 1354 411 Sicut
1390 380 1504 423 ergo

88 459 321 503 nunquam
353 446 439 488 lux
475 448 572 488 sine
609 444 849 502 splendore
877 457 971 488 esse
994 448 1174 501 potuit,
1204 447 1275 487 ita
1302 457 1386 486 nee
1414 443 1502 487 Fa·-

85 525 173 566 lz‘us
201 522 379 580 quidem
395 525 492 565 sine
510 524 659 566 Patre
683 523 890 579 intellegi
906 529 1074 579 potest,
1104 525 1183 579 qui
1207 529 1254 565 et
1282 522 1445 578 figura
1457 521 1503 578 ³)

85 613 306 657 expressa
334 601 623 643 substantiae
658 601 776 656 ejus,
824 605 870 641 et
917 597 1132 655 Verbum,
1179 606 1224 641 et
1261 598 1503 655 Sapientia

84 675 266 720 dicitur.
324 676 522 734 Denique
548 677 801 735 Symbolum
821 676 984 718 Filium
1006 692 1093 718 esse
1126 675 1316 718 decernit
1347 676 1502 718 Deum

83 752 138 797 de
166 754 280 807 Deo,
312 754 464 796 lamen
494 751 548 795 de
581 753 763 796 lumine.

191 831 328 872 XXV.
385 832 443 872 At
477 846 564 870 non
605 829 647 870 in
686 829 737 871 iis
766 831 931 882 solum,
971 832 1045 872 sed
1084 831 1127 872 in
1167 830 1259 872 aliis
1289 830 1415 871 etiam
1444 829 1499 871 ad

83 908 238 952 Christi
267 907 596 960 generationem,
627 917 667 947 et
692 906 875 962 Spiritus
904 908 1035 949 sancti
1055 908 1371 964 processionem
1401 923 1498 964 per-

79 985 332 1034 tinentibus,
364 995 406 1025 et
434 983 522 1034 hic,
554 999 678 1039 quem
710 983 833 1035 (lico,
863 985 1165 1037 Tertullianus,
1198 997 1239 1027 et
1268 985 1339 1026 alii
1367 984 1498 1041 pleri-

82 1078 162 1118 que
194 1078 242 1103 ex
271 1060 571 1117 antiquissimis
603 1061 872 1112 doctoribus,
903 1074 944 1103 et
971 1063 1158 1105 Nicaena
1186 1063 1350 1119 synodo
1382 1072 1497 1102 ante-

79 1139 287 1190 rioribus,
319 1137 514 1190 Origenis
542 1137 807 1193 impietatem
839 1139 997 1190 dicam,
1035 1157 1088 1181 an
1116 1139 1397 1196 imperitiam,
1428 1137 1496 1178 vel

79 1226 327 1272 aequarunt,
355 1215 423 1256 vel
439 1227 700 1270 superarunt.
747 1217 1009 1273 Justinus,⁴²)
1041 1215 1496 1270 AthenagoraS,Theo-

77 1293 219 1350 philus
257 1292 567 1343 Antiochenus,
608 1293 831 1344 Tatianus,
868 1294 958 1350 ipse
996 1294 1306 1343 Tertullianus,
1348 1303 1389 1333 et
1417 1292 1496 1332 La-

79 1371 271 1421 ctantius,
299 1371 444 1411 Deum
475 1370 690 1422 dixerunt,
731 1388 825 1411 cum
857 1370 1006 1411 mundi
1036 1370 1289 1411 creationem
1319 1369 1496 1410 medita-

75 1460 207 1501 retur,
237 1448 425 1488 Verbum
456 1463 578 1487 suum
607 1446 855 1502 protulisse,
887 1463 970 1503 quo
1002 1446 1248 1487 administro
1280 1446 1323 1486 in
1352 1461 1495 1486 rerum

75 1524 303 1566 molitione
345 1534 550 1565 uteretur.
624 1523 879 1576 Gregorium
926 1540 1095 1580 quoque
1135 1524 1494 1575 Thaumaturgum

75 1603 238 1643 Filium
260 1601 409 1643 dixisse
441 1613 626 1642 creatum
658 1612 700 1641 et
727 1602 887 1642 factum
915 1602 1044 1643 tradit
1072 1601 1252 1642 Basilius
1284 1600 1403 1655 epist.
1424 1598 1490 1642 6-1.

78 1681 292 1732 Leguntur
323 1690 364 1719 et
394 1679 472 1719 ista
501 1678 699 1735 Dionysii
730 1679 1015 1730 Alexandrini,
1048 1695 1154 1735 quae
1185 1689 1281 1719 sunt
1310 1676 1490 1729 singula-

78 1757 135 1798 ris
164 1756 411 1807 vecordiae,
447 1755 609 1796 Filium
638 1755 723 1796 Dei
763 1771 850 1798 esse
882 1761 1058 1813 ποίημα
1088 1758 1165 1799 καὶ
1193 1753 1385 1812 γενητὸν
1414 1756 1489 1803 ξέ-

77 1850 163 1880 νον
190 1832 303 1878 κατὰ
334 1833 497 1877 οὐσίαν
533 1835 612 1876 τοῦ
652 1832 849 1891 πατρὸς,
891 1832 1043 1891 ὥσπερ
1082 1834 1205 1876 ἐστὶν
1235 1830 1257 1875 ὁ
1289 1827 1490 1888 γεωργὸς

75 1911 190 1968 πρὸς
215 1910 298 1967 τὴν
327 1907 549 1967 ἄμπελον.
606 1910 794 1952 Demum
822 1910 1014 1968 subjicit:
1051 1913 1142 1953 Καὶ
1171 1908 1262 1967 γὰρ
1292 1906 1350 1957 ὠς
1379 1912 1489 1950 ποί-

74 2007 169 2047 ημα
199 1986 279 2045 ὧν,
312 1988 392 2032 οὐκ
422 1980 479 2043 ἦν
507 1990 619 2048 πρὶν
647 1992 842 2046 γένηται.
900 1988 1220 2041 Theognostum
1242 1986 1367 2027 ctiam
1391 1984 1490 2025 Ale-

191 2228 231 2283 ¹)
265 2227 352 2269 Cfr.
383 2228 403 2267 I
432 2228 584 2269 Joann.
613 2228 647 2278 I,
678 2228 717 2270 5.

190 2297 234 2353 2)
267 2297 355 2339 Csr.
388 2298 407 2337 I
439 2297 550 2339 Tim.
580 2299 656 2348 VI,
687 2297 751 2341 16.
787 2297 885 2340 coll.
917 2297 1015 2352 Sap.
1047 2297 1132 2339 Sal.
1164 2296 1260 2349 VII,
1290 2295 1358 2339 26.

189 2365 233 2422 ³)
267 2367 353 2409 Cfr.
384 2367 516 2408 Hebr.
551 2368 584 2418 I,
614 2367 653 2411 3.

191 2436 234 2491 4)
267 2436 366 2490 Quo
397 2453 520 2478 sensu
548 2437 728 2491 intelligi
758 2439 923 2488 debeat,
953 2439 1070 2493 quod
1099 2437 1292 2478 dixerunt
1321 2436 1386 2477 illi
1413 2453 1484 2477 an-

78 2492 184 2547 tiqui
222 2494 442 2544 doctores,
473 2510 577 2549 quos
622 2494 690 2535 hic
728 2507 770 2535 et
806 2495 914 2535 infra
953 2495 1053 2535 citat
1090 2494 1290 2543 Huetius,
1327 2495 1484 2545 Deum,

80 2565 177 2587 cum
205 2549 352 2590 mundi
382 2551 638 2590 creationem
676 2551 971 2600 meditaretur,
1014 2552 1203 2591 Verbum
1234 2568 1355 2592 suum
1384 2566 1485 2605 pro-

78 2603 245 2654 tulisse,
285 2606 376 2646 fuse
415 2607 590 2661 exponit
623 2607 820 2648 dominus
849 2608 1104 2648 Prudentius
1141 2608 1290 2648 Maran
1328 2607 1370 2647 in
1407 2623 1484 2647 suo

82 2660 134 2698 de
173 2659 388 2702 divinitate
430 2663 589 2704 Christi
627 2663 720 2706 libr.
761 2666 833 2705 lV.
875 2681 964 2719 cap.
1004 2664 1042 2706 4.
1082 2681 1196 2705 num.
1228 2666 1282 2715 5.,
1322 2680 1410 2718 cap.
1443 2662 1481 2705 6.

79 2731 192 2757 num.
223 2715 262 2759 3.
296 2729 338 2756 et
365 2734 474 2773 seq„
514 2736 601 2774 cap.
634 2721 672 2763 7.
701 2737 815 2761 num.
846 2722 910 2772 2.,
949 2737 1040 2776 cap.
1070 2720 1111 2764 8.
1141 2738 1255 2761 num.
1287 2720 1326 2764 3.
1358 2731 1399 2760 ct
1428 2720 1483 2767 4.,

81 2787 168 2825 cap.
201 2771 266 2814 12.
294 2789 407 2816 num.
436 2774 475 2815 2.
507 2787 547 2815 et
575 2792 675 2832 seq.,
705 2793 793 2833 cap.
824 2777 891 2820 22.
922 2794 1037 2818 num.
1067 2778 1108 2819 4.
1141 2790 1182 2819 et
1211 2779 1265 2828 5.‚
1295 2792 1385 2833 cap.
1414 2774 1480 2819 23.

79 2843 192 2872 num.
222 2827 275 2880 6.,
306 2845 392 2885 cap.
423 2829 493 2874 24.
522 2847 636 2874 num.
666 2834 705 2877 2.
767 2834 909 2888 Quem
937 2833 1032 2875 vide
1064 2834 1113 2875 R.
