1759 3125
243 89 299 132 88
661 89 801 132 psa-m
840 91 1055 131 DANmms
1087 91 1253 134 Hui-:Tu

251 200 394 257 quitur
425 214 465 242 et
496 202 638 244 sentit.
700 205 764 245 Ad
796 204 897 246 haec
928 191 1151 261 postquam
1185 206 1226 245 in
1261 205 1558 261 persecutione
1588 207 1675 247 De-

253 278 368 319 ciana
399 280 594 321 nuntium
628 282 796 324 Christo
829 282 1035 322 remisisse
1068 282 1295 334 Origenem
1327 282 1514 338 scripsit,
1560 285 1677 324 addit

253 355 295 395 in
335 356 488 396 multas
539 358 691 400 deinde
740 359 936 400 incidisse
984 359 1195 410 haereses,
1240 360 1468 415 multisque
1511 361 1675 401 errandi

254 449 439 473 caussam
472 434 659 485 dedisse,
716 452 762 477 ac
803 437 939 476 multo
982 446 1080 490 post
1111 446 1306 489 tempore
1341 436 1674 477 Christianorum

254 510 554 552 communione
587 513 712 554 fuisse
744 513 974 569 privatum:
1015 528 1121 568 quae
1160 528 1302 552 secum
1340 513 1565 554 manifesto
1597 531 1675 570 pu-

253 600 392 639 gnant,
423 605 517 630 curn
550 590 771 646 perpaucis
813 602 906 630 ante
939 589 1134 642 Origenis
1169 588 1335 629 obitum
1376 590 1492 630 annis
1531 590 1679 631 instin-

257 675 345 705 ctus
385 667 529 707 surore
568 667 728 708 Decius
770 666 1016 709 Christianis
1062 666 1223 706 bellum
1256 666 1466 708 indixerit.
1534 668 1681 708 Scien-

257 742 358 783 dum
389 756 606 799 praeterea
637 744 680 785 id
711 743 892 784 hausisse
923 743 1213 799 Nicephorum
1247 760 1294 784 ex
1318 744 1574 800 Epiphanio,
1609 746 1681 801 qui

256 819 361 862 hane
402 821 596 874 Origenis
636 821 979 878 perduellionem
1018 838 1187 862 narrans
1239 822 1365 866 Haer.
1399 821 1465 865 64.
1506 839 1594 878 cap.
1627 824 1681 873 2.,

259 898 311 937 de
342 899 638 953 persecutione
668 900 857 940 Deciana
890 900 1021 940 altum
1052 899 1166 949 silet,
1208 900 1568 954 quemadmodum
1602 901 1682 942 Ce-

261 975 436 1026 drenus,
475 989 516 1018 et
555 976 729 1018 Suidas:
770 977 814 1018 in
855 978 965 1018 libro
998 989 1138 1018 autem
1173 977 1225 1016 de
1258 993 1388 1018 mens.
1431 988 1472 1017 et
1501 978 1681 1033 ponder.

261 1068 377 1092 num·
412 1054 477 1097 18.
512 1071 607 1095 cum
623 1054 837 1096 Decianae
869 1054 1178 1111 persecutionis
1209 1054 1417 1104 meminit,
1452 1054 1683 1107 Origenem

259 1129 433 1185 quidem
469 1133 601 1173 multa
640 1143 739 1173 tunc
778 1149 1025 1188 perpessum
1065 1132 1190 1172 fuisse
1232 1133 1381 1180 docet,
1428 1131 1685 1188 Aethiopem

260 1223 361 1248 vero
400 1210 645 1266 neutiquam
687 1221 1006 1251 commemorat.
1089 1211 1178 1250 Nec
1218 1221 1526 1249 commemorat
1572 1221 1683 1250 certe

262 1285 448 1327 Joannes
466 1287 664 1337 Zonaras,
688 1289 727 1343 ¹)
762 1287 831 1344 qui
866 1305 960 1328 eum
992 1300 1133 1328 tamen
1166 1286 1388 1327 tormentis
1419 1286 1577 1327 victum
1607 1288 1686 1327 sub

262 1361 400 1402 Decio
441 1379 464 1404 a
501 1365 586 1405 fide
620 1365 842 1406 descivisse
875 1365 1026 1417 tradit3
1067 1377 1108 1406 et
1138 1365 1374 1417 arrogantia
1405 1364 1561 1405 elatum
1593 1382 1689 1420 pra-

263 1455 412 1480 vorum
446 1441 691 1494 dogmatum
723 1455 941 1483 auctorem
983 1443 1124 1484 fuisse.
1194 1443 1401 1483 Zonaram
1444 1443 1688 1483 fefellerunt

262 1517 372 1558 male
406 1531 578 1575 accepta
608 1520 709 1561 haec
739 1520 967 1575 Epiphanii
1011 1521 1159 1560 verba:
1200 1517 1301 1561 Καϊ
1324 1518 1456 1568 αὐτὸς
1487 1521 1535 1563 δὲ
1562 1520 1690 1576 Ὠρι-

263 1598 396 1652 γένης
436 1597 581 1640 πολλὰ
623 1599 883 1648 πεπονθώς,
930 1601 991 1646 εἰς
1032 1601 1154 1646 τέλος
1184 1600 1262 1640 τοῦ
1303 1601 1557 1653 μαρτυρίου
1605 1595 1688 1639 οὐκ

265 1672 488 1731 ἔφθανεν,
522 1678 714 1717 obstante
745 1675 946 1716 nimirum
979 1675 1148 1716 saevitia
1178 1674 1342 1732 judicis,
1373 1691 1459 1715 non
1492 1673 1689 1726 Origenis

265 1751 465 1806 perfidia,
525 1770 609 1810 quo
660 1754 799 1805 minus
849 1753 1039 1812 martyrii
1089 1768 1290 1793 coronam
1347 1762 1688 1806 consequeretur.

266 1829 380 1869 Male
412 1846 459 1871 ea
490 1848 661 1889 quoque
691 1832 906 1873 intellecta
938 1842 1033 1872 sunt
1065 1831 1118 1871 ab
1154 1829 1371 1871 Anastasio
1410 1829 1692 1870 bibliotheca-

266 1905 346 1956 rio,
379 1919 420 1948 et
451 1910 502 1949 ad
532 1926 687 1950 annum
721 1909 876 1951 Christi
893 1909 990 1951 244.
1022 1924 1245 1963 perperam
1279 1907 1430 1948 relata:
1463 1923 1546 1963 quo
1580 1923 1691 1947 anno

267 1982 494 2039 imperium
525 1987 703 2042 adeptus
736 1997 797 2026 est
826 1985 1076 2040 Philippus,
1107 1984 1304 2025 sexennio
1339 1999 1475 2039 eoque
1506 1984 1691 2038 amplius

267 2072 361 2101 ante
392 2061 623 2104 Decianam
656 2062 1012 2118 persecutionem.
1083 2062 1237 2119 Glycas
1258 2061 1298 2115 2)
1332 2072 1471 2101 autem
1502 2060 1691 2116 Epipha-

268 2136 340 2176 nio
373 2138 573 2180 adhaesit.
633 2139 901 2196 Nicephorus
941 2138 1087 2190 igitur,
1133 2137 1206 2193 qui
1254 2138 1336 2178 hoc
1385 2138 1485 2178 loco
1525 2138 1693 2178 videtur

269 2214 556 2270 Epiphaniam
587 2228 788 2265 sectatus,
835 2227 876 2256 et
914 2215 1154 2271 quicunque
1194 2216 1275 2255 hoc
1308 2215 1500 2268 Origenis
1532 2216 1692 2256 facinus

270 2292 482 2333 Decianae
513 2293 820 2349 persecutionis
848 2293 1114 2348 temporibus
1145 2294 1364 2346 assignant,
1396 2293 1569 2334 minime
1602 2294 1692 2349 qui-

272 2369 368 2409 dem
399 2370 687 2426 Epiphanium
719 2382 935 2410 auctorem
967 2370 1132 2412 habent,
1179 2372 1272 2412 Imo
1303 2388 1402 2412 vero
1434 2383 1577 2427 aperte
1608 2372 1694 2412 illis

273 2448 576 2498 contradicere,
607 2448 641 2488 si
674 2448 765 2503 quis
796 2449 848 2488 ad
878 2448 1129 2489 narrationis
1160 2448 1274 2489 illius
1295 2460 1537 2489 contextum
1561 2447 1693 2488 anim-

272 2525 479 2576 advertat,
520 2525 644 2581 plane
685 2525 911 2566 fatebitur:
953 2525 997 2566 id
1039 2525 1198 2582 quippe
1238 2525 1515 2567 Alexandriae
1559 2525 1694 2566 comi-

395 2755 434 2812 ¹)
468 2756 554 2797 Cfr.
587 2757 740 2799 Zonar.
771 2756 866 2799 hist.
901 2757 976 2798 lib.
1011 2759 1065 2799 ll.

393 2827 436 2883 ²)
469 2827 555 2870 Cfr.
589 2827 707 2884 Glyc.
740 2827 889 2868 Annal.
921 2838 1024 2883 part.
1057 2827 1098 2872 3,
