<?xml version="1.0" encoding="UTF-8"?>
<!DOCTYPE html PUBLIC "-//W3C//DTD XHTML 1.0 Transitional//EN"
    "http://www.w3.org/TR/xhtml1/DTD/xhtml1-transitional.dtd">
<html xmlns="http://www.w3.org/1999/xhtml" xml:lang="en" lang="en">
 <head>
  <title>
</title>
<meta http-equiv="Content-Type" content="text/html;charset=utf-8" />
  <meta name='ocr-system' content='tesseract 3.04.00' />
  <meta name='ocr-capabilities' content='ocr_page ocr_carea ocr_par ocr_line ocrx_word'/>
</head>
<body>
  <div class='ocr_page' id='page_1' title='image "./operaomniaquaegr22orig/operaomniaquaegr22orig_0219.png"; bbox 0 0 1759 3125; ppageno 0'>
   <div class='ocr_carea' id='block_1_1' title="bbox 458 86 1484 132">
    <p class='ocr_par' dir='ltr' id='par_1_1' title="bbox 458 86 1484 132">
     <span class='ocr_line' id='line_1_1' title="bbox 458 86 1484 132; baseline 0 -1"><span class='ocrx_word' id='word_1_1' title='bbox 458 91 850 132; x_wconf 68' lang='lat' dir='ltr'><strong>OmGENtANoRUM</strong></span> <span class='ocrx_word' id='word_1_2' title='bbox 887 89 1029 130; x_wconf 68' lang='lat' dir='ltr'><strong>Lmen</strong></span> <span class='ocrx_word' id='word_1_3' title='bbox 1061 91 1114 131; x_wconf 93' lang='lat' dir='ltr'><strong>II.</strong></span> <span class='ocrx_word' id='word_1_4' title='bbox 1402 86 1484 131; x_wconf 80' lang='lat'><strong>207</strong></span> 
     </span>
    </p>
   </div>
   <div class='ocr_carea' id='block_1_2' title="bbox 70 199 1490 2650">
    <p class='ocr_par' dir='ltr' id='par_1_2' title="bbox 73 199 1486 642">
     <span class='ocr_line' id='line_1_2' title="bbox 77 199 1486 262; baseline -0.004 -16"><span class='ocrx_word' id='word_1_5' title='bbox 77 206 320 262; x_wconf 76' lang='lat' dir='ltr'><strong>complexus</strong></span> <span class='ocrx_word' id='word_1_6' title='bbox 369 212 430 243; x_wconf 88' lang='lat' dir='ltr'><strong>est</strong></span> <span class='ocrx_word' id='word_1_7' title='bbox 474 201 738 256; x_wconf 83' lang='lat' dir='ltr'>Theophilus</span> <span class='ocrx_word' id='word_1_8' title='bbox 776 199 1081 241; x_wconf 77' lang='lat' dir='ltr'><strong>Alexandrinus</strong></span> <span class='ocrx_word' id='word_1_9' title='bbox 1125 199 1268 239; x_wconf 84' lang='lat' dir='ltr'><strong>Pasch.</strong></span> <span class='ocrx_word' id='word_1_10' title='bbox 1300 199 1363 249; x_wconf 84' lang='lat'><strong>2.,</strong></span> <span class='ocrx_word' id='word_1_11' title='bbox 1411 201 1486 240; x_wconf 84' lang='lat' dir='ltr'><strong>ubi</strong></span> 
     </span>
     <span class='ocr_line' id='line_1_3' title="bbox 76 274 1485 334; baseline -0.005 -10"><span class='ocrx_word' id='word_1_12' title='bbox 76 283 305 334; x_wconf 86' lang='lat' dir='ltr'><strong>Origencm</strong></span> <span class='ocrx_word' id='word_1_13' title='bbox 346 278 403 319; x_wconf 82' lang='lat' dir='ltr'><strong>ait</strong></span> <span class='ocrx_word' id='word_1_14' title='bbox 442 294 587 319; x_wconf 87' lang='lat' dir='ltr'><strong>ausum</strong></span> <span class='ocrx_word' id='word_1_15' title='bbox 627 293 714 318; x_wconf 88' lang='lat' dir='ltr'><strong>esse</strong></span> <span class='ocrx_word' id='word_1_16' title='bbox 759 278 922 318; x_wconf 84' lang='lat' dir='ltr'><strong>dicere:</strong></span> <span class='ocrx_word' id='word_1_17' title='bbox 969 276 1072 319; x_wconf 80' lang='lat' dir='ltr'><strong>Non</strong></span> <span class='ocrx_word' id='word_1_18' title='bbox 1122 288 1216 318; x_wconf 76' lang='lat' dir='ltr'><strong>esse</strong></span> <span class='ocrx_word' id='word_1_19' title='bbox 1256 274 1485 317; x_wconf 77' lang='lat' dir='ltr'><strong>orandum</strong></span> 
     </span>
     <span class='ocr_line' id='line_1_4' title="bbox 79 353 1485 410; baseline -0.006 -8"><span class='ocrx_word' id='word_1_20' title='bbox 79 359 269 407; x_wconf 64' lang='lat' dir='ltr'><strong>Filium,</strong></span> <span class='ocrx_word' id='word_1_21' title='bbox 312 367 454 410; x_wconf 78' lang='lat' dir='ltr'><strong>neque</strong></span> <span class='ocrx_word' id='word_1_22' title='bbox 492 366 592 395; x_wconf 82' lang='lat' dir='ltr'><strong>cum</strong></span> <span class='ocrx_word' id='word_1_23' title='bbox 628 353 749 396; x_wconf 70' lang='lat' dir='ltr'><strong>Fc&#39;lc&#39;o</strong></span> <span class='ocrx_word' id='word_1_24' title='bbox 790 354 999 397; x_wconf 81' lang='lat' dir='ltr'><strong>Patrem.</strong></span> <span class='ocrx_word' id='word_1_25' title='bbox 1060 353 1181 408; x_wconf 82' lang='lat' dir='ltr'><strong>Quae</strong></span> <span class='ocrx_word' id='word_1_26' title='bbox 1213 353 1385 409; x_wconf 83' lang='lat' dir='ltr'><strong>quidem</strong></span> <span class='ocrx_word' id='word_1_27' title='bbox 1415 355 1485 394; x_wconf 84' lang='lat' dir='ltr'><strong>ab-</strong></span> 
     </span>
     <span class='ocr_line' id='line_1_5' title="bbox 78 430 1485 487; baseline -0.004 -11"><span class='ocrx_word' id='word_1_28' title='bbox 78 435 201 476; x_wconf 86' lang='lat' dir='ltr'><strong>surda</strong></span> <span class='ocrx_word' id='word_1_29' title='bbox 231 445 314 483; x_wconf 83' lang='lat' dir='ltr'><strong>est,</strong></span> <span class='ocrx_word' id='word_1_30' title='bbox 346 443 387 472; x_wconf 87' lang='lat' dir='ltr'><strong>et</strong></span> <span class='ocrx_word' id='word_1_31' title='bbox 416 447 558 471; x_wconf 87' lang='lat' dir='ltr'><strong>secum</strong></span> <span class='ocrx_word' id='word_1_32' title='bbox 599 447 786 486; x_wconf 80' lang='lat' dir='ltr'><strong>pugnans</strong></span> <span class='ocrx_word' id='word_1_33' title='bbox 822 430 1095 487; x_wconf 85' lang='lat' dir='ltr'><strong>conquestio;</strong></span> <span class='ocrx_word' id='word_1_34' title='bbox 1134 447 1229 471; x_wconf 82' lang='lat' dir='ltr'><strong>nam</strong></span> <span class='ocrx_word' id='word_1_35' title='bbox 1260 431 1292 471; x_wconf 89' lang='lat' dir='ltr'><strong>si</strong></span> <span class='ocrx_word' id='word_1_36' title='bbox 1323 430 1485 471; x_wconf 85' lang='lat' dir='ltr'><strong>Filium</strong></span> 
     </span>
     <span class='ocr_line' id='line_1_6' title="bbox 76 507 1486 560; baseline -0.001 -10"><span class='ocrx_word' id='word_1_37' title='bbox 76 509 187 550; x_wconf 81' lang='lat' dir='ltr'><strong>orari</strong></span> <span class='ocrx_word' id='word_1_38' title='bbox 215 520 328 549; x_wconf 80' lang='lat' dir='ltr'><strong>vetat</strong></span> <span class='ocrx_word' id='word_1_39' title='bbox 357 508 573 560; x_wconf 82' lang='lat' dir='ltr'>Origenes,</span> <span class='ocrx_word' id='word_1_40' title='bbox 606 524 680 548; x_wconf 91' lang='lat' dir='ltr'><strong>cur</strong></span> <span class='ocrx_word' id='word_1_41' title='bbox 709 507 908 549; x_wconf 85' lang='lat' dir='ltr'><strong>vetuisset</strong></span> <span class='ocrx_word' id='word_1_42' title='bbox 935 508 1104 549; x_wconf 77' lang='lat' dir='ltr'><strong>Patrem</strong></span> <span class='ocrx_word' id='word_1_43' title='bbox 1145 507 1255 549; x_wconf 76' lang='lat' dir='ltr'><strong>orari</strong></span> <span class='ocrx_word' id='word_1_44' title='bbox 1286 525 1382 549; x_wconf 89' lang='lat' dir='ltr'><strong>cum</strong></span> <span class='ocrx_word' id='word_1_45' title='bbox 1410 507 1486 548; x_wconf 86' lang='lat' dir='ltr'><strong>Fi·-</strong></span> 
     </span>
     <span class='ocr_line' id='line_1_7' title="bbox 73 584 858 642; baseline 0 -15"><span class='ocrx_word' id='word_1_46' title='bbox 73 586 147 637; x_wconf 87' lang='lat' dir='ltr'><strong>lio,</strong></span> <span class='ocrx_word' id='word_1_47' title='bbox 179 586 251 642; x_wconf 87' lang='lat' dir='ltr'><strong>qui</strong></span> <span class='ocrx_word' id='word_1_48' title='bbox 280 584 524 641; x_wconf 76' lang='lat' dir='ltr'><strong>neutiquam</strong></span> <span class='ocrx_word' id='word_1_49' title='bbox 556 586 737 625; x_wconf 82' lang='lat' dir='ltr'><strong>orandus</strong></span> <span class='ocrx_word' id='word_1_50' title='bbox 769 585 858 627; x_wconf 80' lang='lat' dir='ltr'><strong>est?</strong></span> 
     </span>
    </p>

    <p class='ocr_par' dir='ltr' id='par_1_3' title="bbox 70 660 1490 2650">
     <span class='ocr_line' id='line_1_8' title="bbox 182 660 1488 717; baseline -0.002 -14"><span class='ocrx_word' id='word_1_51' title='bbox 182 663 385 704; x_wconf 84' lang='lat' dir='ltr'><strong>Profecto</strong></span> <span class='ocrx_word' id='word_1_52' title='bbox 428 662 461 702; x_wconf 91' lang='lat' dir='ltr'><strong>si</strong></span> <span class='ocrx_word' id='word_1_53' title='bbox 492 661 602 702; x_wconf 81' lang='lat' dir='ltr'><strong>dicta</strong></span> <span class='ocrx_word' id='word_1_54' title='bbox 631 661 823 717; x_wconf 86' lang='lat' dir='ltr'><strong>superius</strong></span> <span class='ocrx_word' id='word_1_55' title='bbox 853 662 906 702; x_wconf 89' lang='lat' dir='ltr'><strong>de</strong></span> <span class='ocrx_word' id='word_1_56' title='bbox 936 660 1091 702; x_wconf 79' lang='lat' dir='ltr'><strong>violata</strong></span> <span class='ocrx_word' id='word_1_57' title='bbox 1120 661 1170 702; x_wconf 80' lang='lat' dir='ltr'><strong>ab</strong></span> <span class='ocrx_word' id='word_1_58' title='bbox 1202 661 1384 713; x_wconf 75' lang='lat' dir='ltr'><strong>Origene</strong></span> <span class='ocrx_word' id='word_1_59' title='bbox 1414 661 1488 701; x_wconf 86' lang='lat' dir='ltr'><strong>Fi-</strong></span> 
     </span>
     <span class='ocr_line' id='line_1_9' title="bbox 72 737 1488 797; baseline -0.003 -16"><span class='ocrx_word' id='word_1_60' title='bbox 72 739 121 781; x_wconf 86' lang='lat' dir='ltr'><strong>lii</strong></span> <span class='ocrx_word' id='word_1_61' title='bbox 150 740 364 797; x_wconf 80' lang='lat' dir='ltr'><strong>majestate</strong></span> <span class='ocrx_word' id='word_1_62' title='bbox 393 739 687 788; x_wconf 82' lang='lat' dir='ltr'><strong>recordemur,</strong></span> <span class='ocrx_word' id='word_1_63' title='bbox 735 738 837 794; x_wconf 85' lang='lat' dir='ltr'><strong>quid</strong></span> <span class='ocrx_word' id='word_1_64' title='bbox 868 739 919 779; x_wconf 89' lang='lat' dir='ltr'><strong>de</strong></span> <span class='ocrx_word' id='word_1_65' title='bbox 960 738 1047 796; x_wconf 83' lang='lat' dir='ltr'><strong>ejus</strong></span> <span class='ocrx_word' id='word_1_66' title='bbox 1086 738 1355 779; x_wconf 86' lang='lat' dir='ltr'><strong>invocatione</strong></span> <span class='ocrx_word' id='word_1_67' title='bbox 1396 737 1488 792; x_wconf 88' lang='lat' dir='ltr'><strong>opi-</strong></span> 
     </span>
     <span class='ocr_line' id='line_1_10' title="bbox 71 814 1487 871; baseline -0.003 -14"><span class='ocrx_word' id='word_1_68' title='bbox 71 816 162 857; x_wconf 84' lang='lat' dir='ltr'><strong>nari</strong></span> <span class='ocrx_word' id='word_1_69' title='bbox 191 817 407 867; x_wconf 84' lang='lat' dir='ltr'><strong>debuerit,</strong></span> <span class='ocrx_word' id='word_1_70' title='bbox 436 816 560 857; x_wconf 81' lang='lat' dir='ltr'><strong>facile</strong></span> <span class='ocrx_word' id='word_1_71' title='bbox 590 816 963 870; x_wconf 86' lang='lat' dir='ltr'><strong>deprehendemus.</strong></span> <span class='ocrx_word' id='word_1_72' title='bbox 1026 816 1133 857; x_wconf 88' lang='lat' dir='ltr'><strong>Cum</strong></span> <span class='ocrx_word' id='word_1_73' title='bbox 1173 815 1286 856; x_wconf 89' lang='lat' dir='ltr'><strong>enim</strong></span> <span class='ocrx_word' id='word_1_74' title='bbox 1316 815 1369 855; x_wconf 87' lang='lat' dir='ltr'><strong>ad</strong></span> <span class='ocrx_word' id='word_1_75' title='bbox 1400 814 1487 871; x_wconf 83' lang='lat' dir='ltr'><strong>ejus</strong></span> 
     </span>
     <span class='ocr_line' id='line_1_11' title="bbox 75 892 1488 949; baseline -0.002 -15"><span class='ocrx_word' id='word_1_76' title='bbox 75 893 343 947; x_wconf 82' lang='lat' dir='ltr'><strong>dignitatem,</strong></span> <span class='ocrx_word' id='word_1_77' title='bbox 391 910 516 949; x_wconf 89' lang='lat' dir='ltr'><strong>quem</strong></span> <span class='ocrx_word' id='word_1_78' title='bbox 559 892 755 949; x_wconf 82' lang='lat' dir='ltr'><strong>precibus</strong></span> <span class='ocrx_word' id='word_1_79' title='bbox 798 894 1125 949; x_wconf 81' lang='lat' dir='ltr'><strong>compellamus,</strong></span> <span class='ocrx_word' id='word_1_80' title='bbox 1166 892 1488 933; x_wconf 74' lang='lat' dir='ltr'><strong>accommodata</strong></span> 
     </span>
     <span class='ocr_line' id='line_1_12' title="bbox 74 969 1487 1019; baseline -0.001 -8"><span class='ocrx_word' id='word_1_81' title='bbox 74 986 174 1015; x_wconf 71' lang='lat' dir='ltr'><strong>esse,</strong></span> <span class='ocrx_word' id='word_1_82' title='bbox 193 971 344 1011; x_wconf 86' lang='lat' dir='ltr'><strong>debeat</strong></span> <span class='ocrx_word' id='word_1_83' title='bbox 374 970 509 1010; x_wconf 87' lang='lat' dir='ltr'><strong>oratio</strong></span> <span class='ocrx_word' id='word_1_84' title='bbox 545 981 708 1019; x_wconf 83' lang='lat' dir='ltr'><strong>nostra,</strong></span> <span class='ocrx_word' id='word_1_85' title='bbox 738 969 957 1010; x_wconf 86' lang='lat' dir='ltr'><strong>humiliori</strong></span> <span class='ocrx_word' id='word_1_86' title='bbox 994 970 1165 1010; x_wconf 73' lang='lat' dir='ltr'><strong>Patrem</strong></span> <span class='ocrx_word' id='word_1_87' title='bbox 1196 969 1487 1010; x_wconf 83' lang='lat' dir='ltr'><strong>obsecratione</strong></span> 
     </span>
     <span class='ocr_line' id='line_1_13' title="bbox 74 1046 1486 1104; baseline -0.001 -17"><span class='ocrx_word' id='word_1_88' title='bbox 74 1048 358 1087; x_wconf 80' lang='lat' dir='ltr'><strong>venerandum</strong></span> <span class='ocrx_word' id='word_1_89' title='bbox 391 1064 497 1097; x_wconf 88' lang='lat' dir='ltr'><strong>esse,</strong></span> <span class='ocrx_word' id='word_1_90' title='bbox 538 1064 663 1104; x_wconf 84' lang='lat' dir='ltr'><strong>quam</strong></span> <span class='ocrx_word' id='word_1_91' title='bbox 692 1046 875 1097; x_wconf 84' lang='lat' dir='ltr'><strong>Filium,</strong></span> <span class='ocrx_word' id='word_1_92' title='bbox 917 1046 1057 1087; x_wconf 79' lang='lat' dir='ltr'><strong>dicere</strong></span> <span class='ocrx_word' id='word_1_93' title='bbox 1089 1046 1237 1087; x_wconf 83' lang='lat' dir='ltr'><strong>debuit</strong></span> <span class='ocrx_word' id='word_1_94' title='bbox 1268 1046 1486 1098; x_wconf 84' lang='lat' dir='ltr'><strong>Origenes,</strong></span> 
     </span>
     <span class='ocr_line' id='line_1_14' title="bbox 72 1123 1486 1179; baseline -0.001 -15"><span class='ocrx_word' id='word_1_95' title='bbox 72 1123 109 1165; x_wconf 86' lang='lat' dir='ltr'><strong>si</strong></span> <span class='ocrx_word' id='word_1_96' title='bbox 145 1123 361 1164; x_wconf 85' lang='lat' dir='ltr'><strong>doctrinae</strong></span> <span class='ocrx_word' id='word_1_97' title='bbox 407 1140 504 1165; x_wconf 85' lang='lat' dir='ltr'><strong>suae</strong></span> <span class='ocrx_word' id='word_1_98' title='bbox 553 1124 859 1166; x_wconf 82' lang='lat' dir='ltr'><strong>connexionem</strong></span> <span class='ocrx_word' id='word_1_99' title='bbox 905 1125 1085 1165; x_wconf 90' lang='lat' dir='ltr'><strong>retinere</strong></span> <span class='ocrx_word' id='word_1_100' title='bbox 1122 1123 1273 1164; x_wconf 79' lang='lat' dir='ltr'><strong>voluit.</strong></span> <span class='ocrx_word' id='word_1_101' title='bbox 1338 1124 1486 1179; x_wconf 79' lang='lat' dir='ltr'><strong>Neque</strong></span> 
     </span>
     <span class='ocr_line' id='line_1_15' title="bbox 72 1200 1487 1258; baseline -0.001 -16"><span class='ocrx_word' id='word_1_102' title='bbox 72 1200 315 1258; x_wconf 81' lang='lat' dir='ltr'><strong>conjectura</strong></span> <span class='ocrx_word' id='word_1_103' title='bbox 353 1213 496 1243; x_wconf 87' lang='lat' dir='ltr'><strong>nostra</strong></span> <span class='ocrx_word' id='word_1_104' title='bbox 532 1218 608 1242; x_wconf 86' lang='lat' dir='ltr'><strong>nos</strong></span> <span class='ocrx_word' id='word_1_105' title='bbox 646 1201 774 1243; x_wconf 77' lang='lat' dir='ltr'><strong>fallit:</strong></span> <span class='ocrx_word' id='word_1_106' title='bbox 818 1202 1038 1254; x_wconf 78' lang='lat' dir='ltr'><strong>genuinam</strong></span> <span class='ocrx_word' id='word_1_107' title='bbox 1078 1200 1186 1242; x_wconf 87' lang='lat' dir='ltr'><strong>enim</strong></span> <span class='ocrx_word' id='word_1_108' title='bbox 1225 1201 1351 1242; x_wconf 86' lang='lat' dir='ltr'><strong>fuisse</strong></span> <span class='ocrx_word' id='word_1_109' title='bbox 1382 1200 1487 1241; x_wconf 82' lang='lat' dir='ltr'><strong>hanc</strong></span> 
     </span>
     <span class='ocr_line' id='line_1_16' title="bbox 77 1278 1488 1336; baseline -0.001 -17"><span class='ocrx_word' id='word_1_110' title='bbox 77 1278 167 1336; x_wconf 81' lang='lat' dir='ltr'><strong>ejus</strong></span> <span class='ocrx_word' id='word_1_111' title='bbox 196 1278 467 1330; x_wconf 77' lang='lat' dir='ltr'><strong>sententiam,</strong></span> <span class='ocrx_word' id='word_1_112' title='bbox 510 1279 725 1320; x_wconf 83' lang='lat' dir='ltr'><strong>declarant</strong></span> <span class='ocrx_word' id='word_1_113' title='bbox 762 1279 860 1319; x_wconf 84' lang='lat' dir='ltr'><strong>libri</strong></span> <span class='ocrx_word' id='word_1_114' title='bbox 905 1290 1051 1320; x_wconf 84' lang='lat' dir='ltr'><strong>contra</strong></span> <span class='ocrx_word' id='word_1_115' title='bbox 1081 1279 1275 1329; x_wconf 85' lang='lat' dir='ltr'><strong>Celsum,</strong></span> <span class='ocrx_word' id='word_1_116' title='bbox 1306 1294 1488 1334; x_wconf 88' lang='lat' dir='ltr'><strong>quorum</strong></span> 
     </span>
     <span class='ocr_line' id='line_1_17' title="bbox 72 1354 1488 1413; baseline 0.001 -18"><span class='ocrx_word' id='word_1_117' title='bbox 72 1355 222 1412; x_wconf 87' lang='lat' dir='ltr'><strong>quinto</strong></span> <span class='ocrx_word' id='word_1_118' title='bbox 252 1373 366 1397; x_wconf 88' lang='lat' dir='ltr'><strong>num.</strong></span> <span class='ocrx_word' id='word_1_119' title='bbox 399 1356 438 1398; x_wconf 78' lang='grc'><strong>4.</strong></span> <span class='ocrx_word' id='word_1_120' title='bbox 477 1355 537 1396; x_wconf 86' lang='lat' dir='ltr'><strong>sic</strong></span> <span class='ocrx_word' id='word_1_121' title='bbox 578 1355 763 1397; x_wconf 86' lang='lat' dir='ltr'><strong>disserit:</strong></span> <span class='ocrx_word' id='word_1_122' title='bbox 803 1356 1025 1411; x_wconf 56' lang='lat' dir='ltr'><strong>choccafl)</strong></span> <span class='ocrx_word' id='word_1_123' title='bbox 1067 1356 1155 1413; x_wconf 74' lang='grc' dir='ltr'><strong>μὲν</strong></span> <span class='ocrx_word' id='word_1_124' title='bbox 1192 1354 1280 1412; x_wconf 80' lang='grc' dir='ltr'><strong>γὰρ</strong></span> <span class='ocrx_word' id='word_1_125' title='bbox 1320 1357 1488 1409; x_wconf 76' lang='grc' dir='ltr'><strong>δέησιν,</strong></span> 
     </span>
     <span class='ocr_line' id='line_1_18' title="bbox 78 1431 1487 1489; baseline -0.001 -14"><span class='ocrx_word' id='word_1_126' title='bbox 78 1436 154 1475; x_wconf 79' lang='grc' dir='ltr'><strong>καὶ</strong></span> <span class='ocrx_word' id='word_1_127' title='bbox 185 1431 458 1489; x_wconf 70' lang='grc' dir='ltr'><em>προσευχήν,</em></span> <span class='ocrx_word' id='word_1_128' title='bbox 492 1435 568 1476; x_wconf 82' lang='grc' dir='ltr'><strong>καὶ</strong></span> <span class='ocrx_word' id='word_1_129' title='bbox 597 1434 808 1487; x_wconf 78' lang='grc' dir='ltr'><em>ἔντευξιν,</em></span> <span class='ocrx_word' id='word_1_130' title='bbox 840 1436 917 1475; x_wconf 81' lang='grc' dir='ltr'><strong>καὶ</strong></span> <span class='ocrx_word' id='word_1_131' title='bbox 935 1432 1237 1489; x_wconf 73' lang='grc' dir='ltr'><strong>εὐχαριστίαν,</strong></span> <span class='ocrx_word' id='word_1_132' title='bbox 1274 1431 1487 1488; x_wconf 74' lang='grc' dir='ltr'><em>ἀναπεμ-</em></span> 
     </span>
     <span class='ocr_line' id='line_1_19' title="bbox 75 1507 1487 1566; baseline -0.001 -13"><span class='ocrx_word' id='word_1_133' title='bbox 75 1513 215 1553; x_wconf 75' lang='grc' dir='ltr'><em>πτέον</em></span> <span class='ocrx_word' id='word_1_134' title='bbox 255 1512 316 1565; x_wconf 77' lang='grc' dir='ltr'><strong>τῷ</strong></span> <span class='ocrx_word' id='word_1_135' title='bbox 358 1511 434 1552; x_wconf 74' lang='grc' dir='ltr'><strong>ἐπὶ</strong></span> <span class='ocrx_word' id='word_1_136' title='bbox 472 1513 587 1552; x_wconf 80' lang='grc' dir='ltr'><em>πᾶσι</em></span> <span class='ocrx_word' id='word_1_137' title='bbox 616 1513 709 1566; x_wconf 76' lang='grc' dir='ltr'><strong>θεῷ</strong></span> <span class='ocrx_word' id='word_1_138' title='bbox 741 1508 816 1553; x_wconf 71' lang='grc' dir='ltr'><strong>διὰ</strong></span> <span class='ocrx_word' id='word_1_139' title='bbox 847 1511 926 1552; x_wconf 83' lang='grc' dir='ltr'><strong>τοῦ</strong></span> <span class='ocrx_word' id='word_1_140' title='bbox 957 1511 1034 1553; x_wconf 75' lang='grc' dir='ltr'><strong>ἐπὶ</strong></span> <span class='ocrx_word' id='word_1_141' title='bbox 1063 1507 1250 1552; x_wconf 77' lang='grc' dir='ltr'><em>πάντων</em></span> <span class='ocrx_word' id='word_1_142' title='bbox 1280 1508 1487 1564; x_wconf 73' lang='grc' dir='ltr'><em>ἀγγέλων</em></span> 
     </span>
     <span class='ocr_line' id='line_1_20' title="bbox 74 1583 1485 1643; baseline 0.001 -14"><span class='ocrx_word' id='word_1_143' title='bbox 74 1586 338 1643; x_wconf 74' lang='grc' dir='ltr'><em>ἀρχιερέως,</em></span> <span class='ocrx_word' id='word_1_144' title='bbox 388 1585 601 1643; x_wconf 69' lang='grc' dir='ltr'><em>ἐμψύχου</em></span> <span class='ocrx_word' id='word_1_145' title='bbox 640 1585 782 1643; x_wconf 75' lang='grc' dir='ltr'><em>λόγου</em></span> <span class='ocrx_word' id='word_1_146' title='bbox 824 1589 902 1629; x_wconf 83' lang='grc' dir='ltr'><strong>καὶ</strong></span> <span class='ocrx_word' id='word_1_147' title='bbox 945 1589 1081 1630; x_wconf 71' lang='grc' dir='ltr'><em>θεοῦ·</em></span> <span class='ocrx_word' id='word_1_148' title='bbox 1129 1583 1387 1643; x_wconf 69' lang='grc' dir='ltr'><em>δεησόμεθα</em></span> <span class='ocrx_word' id='word_1_149' title='bbox 1433 1587 1485 1630; x_wconf 72' lang='grc' dir='ltr'><strong>δὲ</strong></span> 
     </span>
     <span class='ocr_line' id='line_1_21' title="bbox 75 1661 1486 1720; baseline 0.001 -14"><span class='ocrx_word' id='word_1_150' title='bbox 75 1666 152 1707; x_wconf 78' lang='grc' dir='ltr'><strong>καὶ</strong></span> <span class='ocrx_word' id='word_1_151' title='bbox 185 1663 323 1706; x_wconf 73' lang='grc' dir='ltr'><em>αὑτοῦ</em></span> <span class='ocrx_word' id='word_1_152' title='bbox 354 1667 432 1706; x_wconf 85' lang='grc' dir='ltr'><strong>τοῦ</strong></span> <span class='ocrx_word' id='word_1_153' title='bbox 462 1661 625 1720; x_wconf 79' lang='grc' dir='ltr'><em>λόγου,</em></span> <span class='ocrx_word' id='word_1_154' title='bbox 668 1667 742 1706; x_wconf 81' lang='grc' dir='ltr'><strong>καὶ</strong></span> <span class='ocrx_word' id='word_1_155' title='bbox 772 1662 1075 1718; x_wconf 73' lang='grc' dir='ltr'><strong>ἐντευξόμεθα</strong></span> <span class='ocrx_word' id='word_1_156' title='bbox 1105 1664 1250 1720; x_wconf 75' lang='grc' dir='ltr'><em>αὐτῷ,</em></span> <span class='ocrx_word' id='word_1_157' title='bbox 1290 1668 1366 1707; x_wconf 81' lang='grc' dir='ltr'><strong>καὶ</strong></span> <span class='ocrx_word' id='word_1_158' title='bbox 1407 1663 1486 1708; x_wconf 80' lang='grc' dir='ltr'><strong>εὗ-</strong></span> 
     </span>
     <span class='ocr_line' id='line_1_22' title="bbox 70 1738 1487 1800; baseline 0.001 -17"><span class='ocrx_word' id='word_1_159' title='bbox 70 1739 423 1799; x_wconf 78' lang='grc' dir='ltr'><em>χαριστὴσομεν,</em></span> <span class='ocrx_word' id='word_1_160' title='bbox 456 1743 532 1782; x_wconf 75' lang='grc' dir='ltr'><strong>καὶ</strong></span> <span class='ocrx_word' id='word_1_161' title='bbox 561 1738 908 1799; x_wconf 68' lang='grc' dir='ltr'><strong>προσευξόμεθα</strong></span> <span class='ocrx_word' id='word_1_162' title='bbox 938 1742 1002 1790; x_wconf 70' lang='grc' dir='ltr'><strong>δὲ,</strong></span> <span class='ocrx_word' id='word_1_163' title='bbox 1033 1741 1114 1783; x_wconf 72' lang='grc' dir='ltr'><strong>ἐὰν</strong></span> <span class='ocrx_word' id='word_1_164' title='bbox 1139 1740 1383 1800; x_wconf 67' lang='grc' dir='ltr'><strong>δυνώμεθα</strong></span> <span class='ocrx_word' id='word_1_165' title='bbox 1401 1759 1487 1784; x_wconf 81' lang='grc' dir='ltr'><strong>κα-</strong></span> 
     </span>
     <span class='ocr_line' id='line_1_23' title="bbox 74 1816 1486 1876; baseline -0.001 -14"><span class='ocrx_word' id='word_1_166' title='bbox 74 1816 286 1862; x_wconf 78' lang='grc' dir='ltr'><em>τακούειν</em></span> <span class='ocrx_word' id='word_1_167' title='bbox 312 1821 388 1871; x_wconf 75' lang='grc' dir='ltr'><strong>τῆς</strong></span> <span class='ocrx_word' id='word_1_168' title='bbox 416 1820 520 1874; x_wconf 84' lang='grc' dir='ltr'><em>περὶ</em></span> <span class='ocrx_word' id='word_1_169' title='bbox 549 1821 802 1874; x_wconf 75' lang='grc' dir='ltr'><strong><em>προσευχῆς</em></strong></span> <span class='ocrx_word' id='word_1_170' title='bbox 831 1821 1119 1875; x_wconf 76' lang='grc' dir='ltr'><em>κυριολεξίας,</em></span> <span class='ocrx_word' id='word_1_171' title='bbox 1151 1821 1227 1861; x_wconf 82' lang='grc' dir='ltr'><strong>καὶ</strong></span> <span class='ocrx_word' id='word_1_172' title='bbox 1258 1818 1486 1876; x_wconf 76' lang='grc' dir='ltr'><em>καταχρή-</em></span> 
     </span>
     <span class='ocr_line' id='line_1_24' title="bbox 73 1895 1486 1951; baseline -0.002 -12"><span class='ocrx_word' id='word_1_173' title='bbox 73 1911 200 1944; x_wconf 82' lang='grc' dir='ltr'><em>σεως.</em></span> <span class='ocrx_word' id='word_1_174' title='bbox 261 1896 425 1950; x_wconf 83' lang='lat' dir='ltr'><strong>Nempe</strong></span> <span class='ocrx_word' id='word_1_175' title='bbox 457 1895 692 1936; x_wconf 84' lang='lat' dir='ltr'><strong>orationem</strong></span> <span class='ocrx_word' id='word_1_176' title='bbox 722 1895 896 1951; x_wconf 88' lang='lat' dir='ltr'><strong>proprie</strong></span> <span class='ocrx_word' id='word_1_177' title='bbox 927 1896 1080 1937; x_wconf 77' lang='lat' dir='ltr'><strong>dictam</strong></span> <span class='ocrx_word' id='word_1_178' title='bbox 1101 1897 1198 1936; x_wconf 90' lang='lat' dir='ltr'><strong>Deo</strong></span> <span class='ocrx_word' id='word_1_179' title='bbox 1218 1897 1334 1937; x_wconf 81' lang='lat' dir='ltr'><strong>Patri</strong></span> <span class='ocrx_word' id='word_1_180' title='bbox 1364 1896 1486 1937; x_wconf 87' lang='lat' dir='ltr'><strong>fundi</strong></span> 
     </span>
     <span class='ocr_line' id='line_1_25' title="bbox 76 1971 1488 2030; baseline 0.001 -18"><span class='ocrx_word' id='word_1_181' title='bbox 76 1972 206 2030; x_wconf 82' lang='lat' dir='ltr'><strong>jubet,</strong></span> <span class='ocrx_word' id='word_1_182' title='bbox 244 1971 523 2027; x_wconf 81' lang='lat' dir='ltr'><strong>impropriam</strong></span> <span class='ocrx_word' id='word_1_183' title='bbox 551 1989 652 2012; x_wconf 88' lang='lat' dir='ltr'><strong>vero</strong></span> <span class='ocrx_word' id='word_1_184' title='bbox 693 1984 735 2013; x_wconf 92' lang='lat' dir='ltr'><strong>et</strong></span> <span class='ocrx_word' id='word_1_185' title='bbox 772 1971 1130 2030; x_wconf 77' lang='grc' dir='ltr'><em>καταχρηστικήν</em></span> <span class='ocrx_word' id='word_1_186' title='bbox 1164 1974 1300 2015; x_wconf 84' lang='lat' dir='ltr'><strong>Filio:</strong></span> <span class='ocrx_word' id='word_1_187' title='bbox 1340 1973 1405 2014; x_wconf 87' lang='lat' dir='ltr'><strong>illi</strong></span> <span class='ocrx_word' id='word_1_188' title='bbox 1441 1985 1488 2014; x_wconf 84' lang='lat' dir='ltr'><strong>ut</strong></span> 
     </span>
     <span class='ocr_line' id='line_1_26' title="bbox 75 2049 1488 2111; baseline 0.001 -22"><span class='ocrx_word' id='word_1_189' title='bbox 75 2065 244 2090; x_wconf 84' lang='lat' dir='ltr'><strong>summo</strong></span> <span class='ocrx_word' id='word_1_190' title='bbox 275 2050 386 2099; x_wconf 90' lang='lat' dir='ltr'><strong>Deo,</strong></span> <span class='ocrx_word' id='word_1_191' title='bbox 415 2050 628 2089; x_wconf 87' lang='lat' dir='ltr'><strong>bonorum</strong></span> <span class='ocrx_word' id='word_1_192' title='bbox 659 2049 819 2102; x_wconf 79' lang='lat' dir='ltr'><strong>datori3</strong></span> <span class='ocrx_word' id='word_1_193' title='bbox 848 2051 946 2091; x_wconf 88' lang='lat' dir='ltr'><strong>huic</strong></span> <span class='ocrx_word' id='word_1_194' title='bbox 974 2062 1172 2106; x_wconf 82' lang='lat' dir='ltr'><strong>tanquam</strong></span> <span class='ocrx_word' id='word_1_195' title='bbox 1203 2055 1382 2111; x_wconf 78' lang='grc' dir='ltr'><em>μεσίτῃ,</em></span> <span class='ocrx_word' id='word_1_196' title='bbox 1415 2051 1488 2107; x_wconf 86' lang='lat' dir='ltr'><strong>qui</strong></span> 
     </span>
     <span class='ocr_line' id='line_1_27' title="bbox 75 2127 1488 2185; baseline 0.001 -18"><span class='ocrx_word' id='word_1_197' title='bbox 75 2142 222 2182; x_wconf 87' lang='lat' dir='ltr'><strong>preces</strong></span> <span class='ocrx_word' id='word_1_198' title='bbox 252 2138 414 2168; x_wconf 84' lang='lat' dir='ltr'><strong>nostras</strong></span> <span class='ocrx_word' id='word_1_199' title='bbox 444 2127 541 2167; x_wconf 90' lang='lat' dir='ltr'><strong>Deo</strong></span> <span class='ocrx_word' id='word_1_200' title='bbox 574 2128 748 2168; x_wconf 80' lang='lat' dir='ltr'><strong>offerat:</strong></span> <span class='ocrx_word' id='word_1_201' title='bbox 778 2128 886 2183; x_wconf 81' lang='lat' dir='ltr'><strong>quia</strong></span> <span class='ocrx_word' id='word_1_202' title='bbox 915 2140 1006 2168; x_wconf 72' lang='lat' dir='ltr'><strong>non</strong></span> <span class='ocrx_word' id='word_1_203' title='bbox 1038 2135 1106 2169; x_wconf 82' lang='lat' dir='ltr'><strong>est</strong></span> <span class='ocrx_word' id='word_1_204' title='bbox 1135 2134 1312 2183; x_wconf 80' lang='lat' dir='ltr'><strong>auctor,</strong></span> <span class='ocrx_word' id='word_1_205' title='bbox 1352 2128 1488 2185; x_wconf 83' lang='lat' dir='ltr'><strong>inquit</strong></span> 
     </span>
     <span class='ocr_line' id='line_1_28' title="bbox 73 2203 1487 2262; baseline 0.002 -18"><span class='ocrx_word' id='word_1_206' title='bbox 73 2219 124 2244; x_wconf 79' lang='lat' dir='ltr'><strong>ex</strong></span> <span class='ocrx_word' id='word_1_207' title='bbox 155 2203 353 2256; x_wconf 78' lang='lat' dir='ltr'><strong>Origenis</strong></span> <span class='ocrx_word' id='word_1_208' title='bbox 383 2220 563 2260; x_wconf 84' lang='lat' dir='ltr'><strong>persona</strong></span> <span class='ocrx_word' id='word_1_209' title='bbox 592 2204 860 2257; x_wconf 79' lang='lat' dir='ltr'><strong>Augustinus,</strong></span> <span class='ocrx_word' id='word_1_210' title='bbox 889 2203 1284 2262; x_wconf 69' lang='lat' dir='ltr'><strong>indulgendarum</strong></span> <span class='ocrx_word' id='word_1_211' title='bbox 1296 2207 1487 2261; x_wconf 67' lang='lat' dir='ltr'><strong>petitio-</strong></span> 
     </span>
     <span class='ocr_line' id='line_1_29' title="bbox 78 2278 1490 2339; baseline 0.002 -18"><span class='ocrx_word' id='word_1_212' title='bbox 78 2293 200 2331; x_wconf 68' lang='lat' dir='ltr'><strong>num,</strong></span> <span class='ocrx_word' id='word_1_213' title='bbox 230 2278 312 2321; x_wconf 76' lang='lat' dir='ltr'><strong>sed</strong></span> <span class='ocrx_word' id='word_1_214' title='bbox 335 2281 630 2336; x_wconf 70' lang='lat' dir='ltr'><strong>supplicator.</strong></span> <span class='ocrx_word' id='word_1_215' title='bbox 680 2282 842 2323; x_wconf 80' lang='lat' dir='ltr'><strong>Clarius</strong></span> <span class='ocrx_word' id='word_1_216' title='bbox 875 2282 1000 2323; x_wconf 85' lang='lat' dir='ltr'><strong>etiam</strong></span> <span class='ocrx_word' id='word_1_217' title='bbox 1030 2295 1216 2324; x_wconf 88' lang='lat' dir='ltr'><strong>mentem</strong></span> <span class='ocrx_word' id='word_1_218' title='bbox 1246 2300 1362 2324; x_wconf 83' lang='lat' dir='ltr'><strong>suam</strong></span> <span class='ocrx_word' id='word_1_219' title='bbox 1392 2300 1490 2339; x_wconf 81' lang='lat' dir='ltr'><strong>apc-</strong></span> 
     </span>
     <span class='ocr_line' id='line_1_30' title="bbox 77 2357 1488 2414; baseline 0.004 -17"><span class='ocrx_word' id='word_1_220' title='bbox 77 2357 133 2398; x_wconf 83' lang='lat' dir='ltr'><strong>rit</strong></span> <span class='ocrx_word' id='word_1_221' title='bbox 162 2357 257 2399; x_wconf 87' lang='lat' dir='ltr'><strong>libr.</strong></span> <span class='ocrx_word' id='word_1_222' title='bbox 286 2357 326 2400; x_wconf 85' lang='grc'><strong>8.</strong></span> <span class='ocrx_word' id='word_1_223' title='bbox 356 2374 469 2400; x_wconf 88' lang='lat' dir='ltr'><strong>num.</strong></span> <span class='ocrx_word' id='word_1_224' title='bbox 507 2358 570 2402; x_wconf 87' lang='grc'><strong>13.</strong></span> <span class='ocrx_word' id='word_1_225' title='bbox 627 2357 756 2402; x_wconf 74' lang='grc' dir='ltr'><strong>Ἀλλὰ</strong></span> <span class='ocrx_word' id='word_1_226' title='bbox 789 2358 868 2402; x_wconf 83' lang='grc' dir='ltr'><strong>τὸν</strong></span> <span class='ocrx_word' id='word_1_227' title='bbox 908 2359 988 2403; x_wconf 75' lang='grc' dir='ltr'><strong>ἕνα</strong></span> <span class='ocrx_word' id='word_1_228' title='bbox 1018 2360 1153 2414; x_wconf 72' lang='grc' dir='ltr'><em>θεὸν,</em></span> <span class='ocrx_word' id='word_1_229' title='bbox 1193 2364 1270 2403; x_wconf 82' lang='grc' dir='ltr'><strong>καὶ</strong></span> <span class='ocrx_word' id='word_1_230' title='bbox 1300 2360 1378 2404; x_wconf 80' lang='grc' dir='ltr'><strong>τὸν</strong></span> <span class='ocrx_word' id='word_1_231' title='bbox 1408 2362 1488 2404; x_wconf 73' lang='grc' dir='ltr'><strong>ἕνα</strong></span> 
     </span>
     <span class='ocr_line' id='line_1_31' title="bbox 77 2432 1489 2492; baseline 0.005 -17"><span class='ocrx_word' id='word_1_232' title='bbox 77 2432 180 2477; x_wconf 81' lang='grc' dir='ltr'><em>υἱὸν</em></span> <span class='ocrx_word' id='word_1_233' title='bbox 210 2433 363 2489; x_wconf 80' lang='grc' dir='ltr'><em>αὐτοῦ,</em></span> <span class='ocrx_word' id='word_1_234' title='bbox 396 2437 473 2478; x_wconf 82' lang='grc' dir='ltr'><strong>καὶ</strong></span> <span class='ocrx_word' id='word_1_235' title='bbox 502 2433 657 2492; x_wconf 75' lang='grc' dir='ltr'><em>λόγον,</em></span> <span class='ocrx_word' id='word_1_236' title='bbox 690 2438 767 2478; x_wconf 81' lang='grc' dir='ltr'><strong>καὶ</strong></span> <span class='ocrx_word' id='word_1_237' title='bbox 796 2434 965 2491; x_wconf 77' lang='grc' dir='ltr'><em>εἰκόνα,</em></span> <span class='ocrx_word' id='word_1_238' title='bbox 997 2443 1092 2485; x_wconf 74' lang='grc' dir='ltr'><strong>ταῖς</strong></span> <span class='ocrx_word' id='word_1_239' title='bbox 1122 2439 1234 2480; x_wconf 81' lang='grc' dir='ltr'><em>κατὰ</em></span> <span class='ocrx_word' id='word_1_240' title='bbox 1264 2437 1312 2482; x_wconf 80' lang='grc' dir='ltr'><strong>τὸ</strong></span> <span class='ocrx_word' id='word_1_241' title='bbox 1344 2439 1489 2482; x_wconf 73' lang='grc' dir='ltr'><em>δυνα-</em></span> 
     </span>
     <span class='ocr_line' id='line_1_32' title="bbox 80 2508 1490 2572; baseline 0.006 -21"><span class='ocrx_word' id='word_1_242' title='bbox 80 2508 160 2553; x_wconf 77' lang='grc' dir='ltr'><strong>τὸν</strong></span> <span class='ocrx_word' id='word_1_243' title='bbox 187 2508 299 2567; x_wconf 74' lang='grc' dir='ltr'><em>ἡμῖν</em></span> <span class='ocrx_word' id='word_1_244' title='bbox 336 2515 522 2561; x_wconf 80' lang='grc' dir='ltr'><strong><em>ἱκεσίαις</em></strong></span> <span class='ocrx_word' id='word_1_245' title='bbox 561 2516 636 2555; x_wconf 82' lang='grc' dir='ltr'><strong>καὶ</strong></span> <span class='ocrx_word' id='word_1_246' title='bbox 674 2512 883 2563; x_wconf 77' lang='grc' dir='ltr'><em>ἀξιώσεσι</em></span> <span class='ocrx_word' id='word_1_247' title='bbox 923 2519 1138 2570; x_wconf 74' lang='grc' dir='ltr'><em>σέβομεν,</em></span> <span class='ocrx_word' id='word_1_248' title='bbox 1181 2514 1490 2572; x_wconf 78' lang='grc' dir='ltr'><em>προσάγοντες</em></span> 
     </span>
     <span class='ocr_line' id='line_1_33' title="bbox 82 2588 1488 2650; baseline 0.005 -21"><span class='ocrx_word' id='word_1_249' title='bbox 82 2588 144 2641; x_wconf 75' lang='grc' dir='ltr'><strong>τῷ</strong></span> <span class='ocrx_word' id='word_1_250' title='bbox 173 2590 267 2644; x_wconf 69' lang='grc' dir='ltr'><strong>θεῷ</strong></span> <span class='ocrx_word' id='word_1_251' title='bbox 297 2591 387 2632; x_wconf 80' lang='grc' dir='ltr'><strong>τῶν</strong></span> <span class='ocrx_word' id='word_1_252' title='bbox 417 2588 536 2634; x_wconf 78' lang='grc' dir='ltr'><em>ὅλων</em></span> <span class='ocrx_word' id='word_1_253' title='bbox 576 2590 652 2640; x_wconf 83' lang='grc' dir='ltr'><strong>τὰς</strong></span> <span class='ocrx_word' id='word_1_254' title='bbox 689 2591 824 2649; x_wconf 78' lang='grc' dir='ltr'><em>εὐχὰς</em></span> <span class='ocrx_word' id='word_1_255' title='bbox 861 2590 938 2636; x_wconf 72' lang='grc' dir='ltr'><strong>διὰ</strong></span> <span class='ocrx_word' id='word_1_256' title='bbox 978 2595 1057 2636; x_wconf 86' lang='grc' dir='ltr'><strong>τοῦ</strong></span> <span class='ocrx_word' id='word_1_257' title='bbox 1087 2597 1371 2650; x_wconf 73' lang='grc' dir='ltr'><em>μονογενοῦς</em></span> <span class='ocrx_word' id='word_1_258' title='bbox 1402 2595 1488 2637; x_wconf 79' lang='grc' dir='ltr'><strong>αὐ-</strong></span> 
     </span>
    </p>
   </div>
   <div class='ocr_carea' id='block_1_3' title="bbox 78 2747 1487 2865">
    <p class='ocr_par' dir='ltr' id='par_1_4' title="bbox 78 2747 1487 2865">
     <span class='ocr_line' id='line_1_34' title="bbox 201 2747 1487 2814; baseline 0.005 -26"><span class='ocrx_word' id='word_1_259' title='bbox 201 2747 238 2802; x_wconf 90' lang='grc'><strong>1)</strong></span> <span class='ocrx_word' id='word_1_260' title='bbox 273 2749 360 2789; x_wconf 64' lang='lat' dir='ltr'><strong>Cir.</strong></span> <span class='ocrx_word' id='word_1_261' title='bbox 383 2751 452 2814; x_wconf 36' lang='lat' dir='ltr'><strong>‘de</strong></span> <span class='ocrx_word' id='word_1_262' title='bbox 492 2765 592 2794; x_wconf 81' lang='lat' dir='ltr'><strong>nota</strong></span> <span class='ocrx_word' id='word_1_263' title='bbox 631 2753 680 2794; x_wconf 84' lang='lat' dir='ltr'><strong>R.</strong></span> <span class='ocrx_word' id='word_1_264' title='bbox 721 2754 802 2795; x_wconf 86' lang='lat' dir='ltr'><strong>huc</strong></span> <span class='ocrx_word' id='word_1_265' title='bbox 838 2768 1050 2812; x_wconf 79' lang='lat' dir='ltr'><strong>spectantc</strong></span> <span class='ocrx_word' id='word_1_266' title='bbox 1088 2756 1294 2797; x_wconf 78' lang='lat' dir='ltr'><strong>Excursus</strong></span> <span class='ocrx_word' id='word_1_267' title='bbox 1326 2756 1394 2796; x_wconf 87' lang='lat' dir='ltr'><strong>Vl.</strong></span> <span class='ocrx_word' id='word_1_268' title='bbox 1435 2755 1487 2795; x_wconf 81' lang='lat' dir='ltr'><strong>ad</strong></span> 
     </span>
     <span class='ocr_line' id='line_1_35' title="bbox 78 2804 802 2865; baseline 0.01 -21"><span class='ocrx_word' id='word_1_269' title='bbox 78 2804 235 2845; x_wconf 64' lang='lat' dir='ltr'><strong>calcem</strong></span> <span class='ocrx_word' id='word_1_270' title='bbox 268 2805 395 2846; x_wconf 77' lang='lat' dir='ltr'><strong>Tomi</strong></span> <span class='ocrx_word' id='word_1_271' title='bbox 426 2807 546 2865; x_wconf 84' lang='lat' dir='ltr'><strong>hujus</strong></span> <span class='ocrx_word' id='word_1_272' title='bbox 575 2810 802 2865; x_wconf 76' lang='lat' dir='ltr'><strong>appositus.</strong></span> 
     </span>
    </p>
   </div>
  </div>
 </body>
</html>
