1759 3125
633 98 867 140 ExcURsth
900 96 972 138 ΙΙΙ.
1432 97 1517 142 385

98 212 178 271 τῆρ
208 209 323 271 πρὸς
352 209 528 265 εἰκόνα,
571 212 647 252 καὶ
686 207 861 258 εἰκόνας
891 210 965 264 τῆς
996 205 1186 262 εἰκόνος,
1228 233 1282 240 -
1324 208 1396 253 διὸ
1438 214 1515 252 καὶ

99 290 190 333 κατ’
226 288 379 334 εἰκόνα
410 291 619 344 λέγονται
651 283 766 331 εἶναι
797 289 841 329 οἱ
869 282 1123 343 ἅνθρωποι,
1158 284 1240 329 οὐκ
1258 283 1427 334 εἰκόνες
1443 309 1510 339 -‚

99 365 239 415 οὕτως
268 364 290 409 ὁ
327 364 459 412 αὐτὸς
489 362 622 420 λόγος
652 361 764 420 πρὸς
796 361 875 406 τὸν
906 364 955 406 ἐν
986 360 1159 419 ἑκάστῳ
1190 360 1345 420 λόγον.
1402 361 1513 416 Ἀμ-

97 443 268 501 φότερα
298 442 390 499 γὰρ
420 444 566 498 πηγῆς
595 443 685 498 ἔχει.
708 438 893 498 χώραν·
928 439 950 484 ὁ
971 441 1061 497 μὲν
1080 439 1244 497 πατὴρ,
1275 436 1512 494 θεότητος·

98 520 121 565 ὁ
153 522 202 564 δὲ
234 520 342 574 υἱὸς,
375 517 528 577 λόγου.
579 516 754 574 ’Ὠσπερ
796 509 878 561 οὖν
917 521 1019 561 θεοὶ
1048 520 1232 567 πολλοὶ,
1277 515 1367 559 ἀλλ’
1404 514 1515 572 ἡμῖν

96 593 158 647 εἷς
187 595 304 652 θεὸς,
340 595 361 641 ὁ
395 596 557 654 πατὴρ,
590 600 666 639 καὶ
697 598 860 639 πολλοὶ
893 592 1053 653 κύριοι,
1086 593 1179 638 ἀλλ’
1208 592 1320 650 ἡμῖν
1352 588 1411 641 εἷς
1432 589 1516 635 κύ-

96 691 203 732 ριος,
233 674 401 729 Ἰησοῦς
440 672 659 731 Χριστός·
703 671 841 722 οὕτως
878 675 1042 716 πολλοὶ
1084 669 1236 729 λόγοι,
1279 669 1370 713 ἀλλ’
1403 668 1517 727 ἡμῖν

97 750 351 808 εὐχόμεθα,
397 749 517 800 ὅπως
558 751 735 811 ὑπάρξῃ
776 749 797 794 ό
831 753 880 794 ἐν
909 750 1026 810 α’ρχῇ
1058 747 1205 805 λόγος,
1241 745 1262 791 ὁ
1295 745 1409 803 πρὸς
1437 746 1517 789 τὸν

94 826 207 871 θεὸν
234 825 299 870 ὢν
331 826 352 870 ό
385 826 491 876 θεὸς
519 826 666 884 λόγος.

209 904 395 946 Multum
430 907 537 946 valet
568 906 619 946 ad
651 905 845 958 Origenis
867 904 1157 946 defensionem
1179 914 1315 944 metus
1345 901 1433 951 ille,
1464 916 1516 940 ne

97 983 239 1023 Verbo
272 999 337 1023 res
368 994 524 1023 creatas
555 983 789 1038 adaequare
811 982 1038 1035 videretur,
1071 993 1114 1023 et
1135 980 1321 1022 adhibita
1344 980 1394 1019 ad
1413 979 1518 1019 hanc

97 1059 380 1115 suspicionem
438 1061 718 1101 refellendam
771 1059 947 1100 uberior
997 1058 1227 1100 sententiae
1277 1055 1517 1119 explicatio.

97 1137 298 1178 Declarat
328 1136 460 1186 enim,
504 1153 546 1178 se
587 1154 664 1178 nec
704 1153 748 1177 ea
768 1171 778 1190 ,
832 1153 936 1192 quae
966 1136 1103 1177 Filius
1134 1152 1154 1176 a
1186 1136 1311 1175 Patre
1343 1132 1519 1188 accepit,

98 1230 193 1254 cum
222 1213 295 1263 iis,
335 1230 440 1269 quae
480 1230 545 1254 res
586 1226 748 1254 creatae
789 1231 810 1254 a
839 1214 955 1255 Filio
988 1224 1263 1268 acceperunt,
1305 1228 1383 1252 nec
1414 1210 1522 1251 acci·

98 1291 245 1346 piendi
284 1293 463 1333 modum
497 1308 762 1348 comparare,
801 1293 875 1332 sed
915 1292 1058 1347 potius
1097 1291 1255 1330 Filium
1294 1288 1412 1329 Patri
1453 1304 1519 1328 ae-

100 1370 266 1424 qualem
299 1370 555 1425 praedicare,
588 1368 685 1425 quia
713 1381 939 1424 utrumque
973 1370 1135 1408 fontem
1167 1384 1253 1407 esse
1285 1377 1518 1406 asseverat:

101 1462 149 1486 ex
181 1463 264 1501 quo
296 1446 508 1502 sequitur,
549 1447 725 1486 eandem
752 1446 794 1486 in
825 1457 1007 1502 utroque
1036 1457 1249 1494 naturam,
1296 1460 1343 1483 ac
1374 1443 1520 1482 eadem

99 1539 272 1579 prorsus
305 1540 391 1565 esse
422 1523 634 1567 attributa.
683 1524 825 1580 ltaque
844 1525 944 1564 dum
967 1539 1032 1564 res
1066 1534 1220 1564 creatas
1247 1521 1291 1561 in
1322 1537 1372 1561 eo
1406 1537 1521 1561 com-

98 1616 244 1656 parare
285 1617 382 1641 cum
419 1601 534 1642 Filio
576 1601 766 1652 videtur,
811 1601 927 1658 quod
961 1600 1098 1641 Filius
1143 1599 1285 1640 omnia
1321 1614 1342 1639 a
1382 1598 1520 1647 Patre,

99 1694 164 1719 res
196 1691 358 1720 creatae
392 1679 534 1720 omnia
571 1696 592 1720 a
631 1679 747 1720 Filio
779 1677 1041 1734 acceperint,
1082 1677 1220 1733 ipsum
1252 1676 1394 1732 potius
1427 1691 1522 1715 cum

100 1756 216 1797 Filio
248 1757 432 1808 Patrem,
463 1757 496 1797 si
526 1758 605 1798 rite
637 1757 906 1806 attendimus,
940 1765 1169 1810 comparat.

213 1834 291 1875 His
329 1834 583 1875 testimoniis
622 1851 708 1875 non
748 1832 955 1874 absimilia
987 1843 1082 1872 sunt
1113 1832 1198 1872 duo
1229 1831 1310 1872 alia
1340 1831 1391 1870 ab
1422 1829 1524 1870 Hie-

101 1926 281 1970 ronymo
314 1923 357 1952 et
396 1911 634 1953 Justiniano
675 1911 864 1968 objecta,
906 1926 1088 1966 quorum
1126 1909 1168 1950 in
1207 1908 1348 1966 primo
1386 1907 1523 1948 Filius

100 1988 270 2029 Patrem
302 1989 662 2044 comprehendere
693 1988 860 2038 dicitur,
891 1987 927 2029 si
959 1986 1174 2028 seientiam
1208 1996 1250 2025 et
1277 1983 1524 2040 sapientiam

105 2065 368 2118 consideres3
405 2082 522 2106 secus
561 2082 686 2117 vero,
724 2066 757 2107 si
789 2082 880 2107 eam
916 2063 1338 2120 comprehensionem
1368 2061 1527 2102 intelli-

102 2158 185 2195 333,
217 2159 298 2199 qua
327 2143 454 2184 Pater
484 2143 625 2183 omnia
655 2143 706 2183 ab
737 2142 815 2183 illo
848 2159 934 2184 esse
965 2141 1158 2182 habentia
1189 2138 1524 2195 comprehendit.

105 2219 332 2271 sicigitur
372 2220 599 2273 Origenes,
646 2219 760 2277 juxta
797 2220 1132 2279 Hieronymum:
1184 2217 1238 2261 Si
1273 2219 1394 2259 enim
1433 2216 1526 2258 Pa-

108 2303 227 2338 trem
261 2300 492 2350 cognoscit
520 2298 690 2349 Filius,
725 2296 909 2340 videtur
938 2299 988 2339 in
1018 2310 1090 2348 eo,
1132 2291 1252 2351 quod
1280 2295 1404 2334 novit
1433 2292 1525 2334 Pa-

108 2380 241 2425 trem,
265 2387 396 2430 posse
426 2387 527 2416 eum
559 2373 960 2432 comprehendere:
996 2382 1048 2416 ut
1077 2375 1118 2414 εἰ
1145 2371 1335 2413 dicimus
1345 2401 1357 2424 ,
1397 2372 1523 2411 arti-

95 2451 208 2507 ficis
247 2453 453 2493 animum
499 2456 619 2496 artis
667 2457 783 2496 scire
833 2464 1110 2494 mensuram.
1181 2454 1276 2491 Nec
1324 2445 1524 2496 dubiam,

111 2532 234 2585 quin,
264 2531 306 2571 εἰ
332 2529 479 2571 Pater
508 2531 568 2571 sit
598 2533 642 2571 z’n
676 2531 816 2581 Fz’lz'o,
848 2538 892 2572 et
924 2524 1340 2583 comprehendatur
1373 2523 1431 2566 ab
1461 2537 1526 2575 eo,

108 2608 158 2648 z’n
196 2620 279 2662 quo
319 2614 400 2649 est.
477 2606 556 2649 Sin
598 2615 753 2649 autem
795 2604 1236 2662 comprehensionem
1275 2616 1378 2645 eam
1418 2601 1526 2644 dici-

111 2696 234 2737 mus,
274 2691 327 2725 ut
365 2698 454 2725 non
484 2684 628 2725 solum
666 2698 798 2727 sensu
842 2687 938 2740 quis
976 2691 1022 2725 et
1059 2684 1290 2738 sapientia
1328 2692 1527 2736 compre-

111 2759 306 2812 hendat,
347 2760 428 2803 sed
463 2769 508 2803 et
550 2764 719 2804 virtute
749 2771 793 2805 et
820 2763 1033 2819 potentia
1062 2765 1233 2801 cuncta
1262 2765 1422 2799 teneat
1453 2761 1533 2813 qui

112 2842 344 2894 cognovit,
393 2852 482 2880 non
517 2852 752 2895 possumus
795 2838 967 2888 dicere,
1008 2835 1127 2893 quod
1171 2834 1528 2892 comprehendat

122 2916 343 2957 (JRJGEMS
378 2916 550 2958 OPERA.
584 2917 705 2959 ΤοΜ.
744 2918 886 2958 XXII.
1251 2913 1306 2956 25
