1759 3125
256 92 340 137 338
673 89 813 131 Pam
843 88 1058 131 Damssms
1089 89 1257 132 Πυετιι

258 215 585 260 nonnunquam
613 204 767 258 patris
796 204 956 244 vitium
985 209 1078 256 est,
1120 214 1449 259 nonnunquam
1466 203 1586 258 filil,
1627 211 1676 246 ut

256 284 329 325 vel
355 284 482 336 bene,
513 279 585 322 vel
611 279 730 321 male
759 268 1062 322 erudiantur:
1094 282 1162 322 ita
1192 283 1239 322 in
1259 279 1436 336 judicio
1472 280 1578 335 Dei,
1609 281 1680 322 vel

256 359 324 402 ad
350 359 542 415 angelos
571 360 745 400 crimen
775 347 1035 411 reseretur,
1072 358 1112 397 si
1150 369 1239 398 non
1280 362 1463 414 egerint
1495 366 1677 409 cuncta,

254 452 371 495 qnae
402 435 467 479 ad
491 448 624 478 suum
653 433 860 490 officium
887 434 1211 488 pertc'7eebunt;
1252 436 1323 477 cel
1359 435 1423 478 ad
1446 437 1677 492 populum,

254 519 297 559 si
321 515 412 557 illis
444 515 660 556 universa
677 511 996 567 facientibus,
1027 512 1117 566 ipsi
1143 509 1306 554 andire
1336 515 1675 556 contemserint.

254 593 377 648 Quae
408 608 573 633 merum
604 589 916 643 Origenismum
949 588 1157 631 redolent.
1326 586 1332 590 ⁴

365 669 570 711 XXXIII.
630 668 717 710 Sed
757 666 890 706 missis
926 665 1106 707 aliorum
1148 667 1379 721 suffragiis,
1425 669 1673 708 Adamantio

251 764 324 789 sua
356 762 526 802 quoque
558 745 688 801 ipsius
721 743 929 785 dubitatio
961 743 1057 785 satis
1080 744 1378 799 patrocinatur.
1428 746 1505 786 llla
1535 757 1675 786 autem

252 825 320 865 vel
353 840 399 865 ex
433 839 483 864 eo
517 822 695 864 maxime
726 833 922 877 apparet,
953 821 1071 877 quod
1103 837 1203 877 quas
1236 838 1257 862 a
1289 822 1504 863 communi
1534 823 1675 864 Theo-

251 902 448 954 logorum
479 917 601 942 sensu
631 899 812 939 maxime
835 900 1108 939 abhorrentes
1133 899 1240 940 visus
1273 912 1334 940 est
1353 901 1553 957 amplecti
1583 918 1675 942 sen-

249 979 421 1028 tentias,
463 978 613 1019 iisdem
655 994 702 1018 ex
735 977 910 1017 adverso
946 977 1172 1018 contrarias
1205 979 1404 1033 quasdam
1434 979 1671 1034 proposuit.

249 1059 313 1098 Ac
352 1057 405 1098 de
443 1056 598 1111 angelis
650 1055 836 1111 primum
885 1055 927 1095 in
967 1055 1188 1095 hominum
1232 1055 1408 1096 tutelam
1449 1057 1673 1112 deputatis,

246 1145 359 1175 tanta
387 1133 475 1191 ejus
507 1133 716 1174 dubitatio
750 1144 824 1182 est,
855 1143 900 1172 ut
930 1143 1112 1172 statuere
1141 1131 1317 1172 minime
1349 1132 1496 1187 possit,
1528 1150 1673 1190 quem-

244 1213 477 1253 admodum
508 1211 709 1259 diximus,
749 1225 800 1250 an
831 1211 882 1251 ab
915 1222 1033 1259 ortu,
1074 1225 1124 1250 an
1155 1225 1177 1250 a
1206 1209 1419 1264 baptismo
1450 1211 1672 1252 hominum

245 1306 388 1330 curam
417 1287 658 1344 suscipiant.
725 1289 814 1328 Nec
845 1288 1001 1342 absque
1034 1286 1299 1327 dubitatione
1330 1287 1470 1337 tradit,
1502 1291 1668 1341 angelos

243 1366 367 1407 nobis
398 1365 592 1418 regendis
624 1365 851 1416 delegatos,
883 1364 1059 1403 eosdem
1089 1363 1313 1404 nobiscum
1344 1363 1386 1404 in
1418 1365 1502 1406 fide
1533 1366 1671 1407 facere

242 1459 497 1500 progressus.
560 1443 748 1483 Incertus
778 1440 974 1482 similiter
994 1452 1057 1481 est
1079 1440 1222 1491 animi,
1254 1441 1669 1495 angelusnehomini,

240 1522 429 1561 homone
460 1520 609 1573 angelo
641 1519 819 1560 salutem
850 1529 1054 1574 procuret
1084 1529 1125 1558 et
1157 1518 1367 1561 conciliet.
1420 1520 1564 1561 Nihilo
1582 1537 1668 1562 ma-

240 1597 300 1651 gis
330 1597 411 1639 sibi
443 1608 625 1646 constat,
673 1613 769 1637 cum
799 1596 931 1653 justos
962 1596 1077 1651 ipsos
1107 1612 1129 1636 a
1161 1595 1356 1647 Christo,
1388 1598 1459 1653 qui
1490 1614 1590 1639 vero
1623 1599 1666 1640 in

239 1676 397 1732 pietate
427 1675 650 1716 inferiores
681 1686 791 1723 sunt,
826 1675 877 1714 ab
907 1673 1062 1726 angelis
1093 1672 1297 1715 custodiri
1328 1674 1531 1725 decernit,
1560 1675 1669 1716 sicut

240 1769 263 1794 a
292 1740 416 1794 nobis
447 1753 717 1793 observatum
751 1763 832 1793 est:
872 1750 1033 1791 cunctis
1075 1751 1236 1806 quippe
1277 1751 1377 1793 alias
1419 1753 1665 1806 angelorum

237 1830 417 1871 tutelam
455 1819 646 1884 assignat.
721 1829 947 1877 Neminem
987 1829 1236 1882 angelorum
1272 1828 1486 1885 praesidio
1525 1846 1666 1872 carere

238 1908 365 1948 docet
395 1907 648 1963 aliquand03
688 1907 790 1948 solis
831 1907 939 1948 illud
979 1906 1206 1962 aliquando
1240 1907 1483 1949 Christianis
1515 1924 1665 1949 conce-

237 1983 314 2025 dit.
374 1984 481 2025 Tam
513 1996 776 2025 constantem
807 2000 1111 2040 nonnunquam
1142 1984 1260 2036 fingit
1288 1984 1559 2039 stipationem
1589 2002 1663 2026 an-

235 2061 443 2115 gelorum,
473 2073 521 2102 ut
551 2078 657 2117 quos
686 2061 729 2102 in
759 2062 841 2102 hoc
870 2062 1032 2102 mundo
1054 2063 1260 2114 regendos
1291 2061 1562 2117 susceperint,
1594 2062 1664 2104 iis-

238 2139 337 2179 dem
367 2137 410 2179 in
439 2139 584 2179 futuro
616 2154 808 2195 praeesse
839 2139 1011 2179 minime
1035 2138 1244 2179 desinant:
1275 2150 1317 2179 at
1348 2150 1493 2180 contra
1523 2140 1661 2182 homi-

234 2231 308 2257 nes
339 2215 421 2257 sibi
450 2215 494 2256 in
524 2215 759 2257 custodiam
789 2215 965 2256 traditos
998 2214 1162 2271 cripere
1201 2215 1407 2267 invicem,
1454 2229 1495 2258 et
1534 2219 1586 2258 ad
1617 2235 1659 2260 se

234 2293 460 2335 transferre
504 2308 808 2349 nonnunquam
853 2292 1024 2346 angelos
1077 2292 1236 2334 docuit.
1299 2292 1431 2347 Quod
1470 2295 1505 2336 si
1544 2308 1658 2337 recte

235 2386 335 2424 ergo
367 2382 410 2412 et
439 2387 488 2411 ex
517 2386 652 2428 aequo
686 2388 781 2413 cum
822 2371 1006 2423 Origene
1056 2385 1176 2423 agere
1209 2370 1411 2425 velimus3
1450 2371 1658 2428 quidquid

233 2448 279 2489 in
308 2464 353 2488 re
385 2449 576 2500 obscura,
607 2464 685 2489 nec
714 2447 813 2488 ullis
843 2447 1046 2488 ecclesiae
1075 2447 1359 2490 sanctionibus
1381 2449 1658 2491 determinata

232 2525 473 2582 proposuit,
502 2526 621 2567 velut
650 2527 701 2567 ab
731 2523 915 2574 homine,
947 2541 1033 2565 non
1063 2537 1147 2566 tam
1181 2537 1341 2567 certum
1363 2526 1525 2582 aliquid
1554 2544 1657 2583 pro-

231 2602 476 2657 nuntiante,
515 2620 643 2659 quam
673 2603 857 2644 veritatis
888 2603 1030 2644 studio
1068 2603 1227 2644 incerta
1258 2604 1521 2659 expendente
1553 2621 1655 2660 pro-

232 2682 392 2722 fectum
421 2679 688 2737 accipiemus.
747 2680 1003 2736 Neutiquam
1033 2697 1132 2721 vero
1156 2680 1429 2736 Antipatrum
1451 2667 1654 2722 Bostren-

231 2775 321 2801 sem
359 2757 641 2808 imitabimur,
688 2758 759 2814 qui
799 2757 992 2811 Origenis
1033 2758 1270 2800 doctrinam
1313 2759 1365 2799 de
1404 2758 1650 2811 angelorum

226 2838 380 2889 tutela,
410 2836 722 2894 Origencmque
751 2836 913 2894 ipsum,
942 2837 1001 2880 sic
1031 2849 1232 2895 tanquam
1264 2838 1400 2882 effatis
1440 2836 1523 2880 suis
1554 2853 1650 2894 per-
