1759 3125
445 111 835 152 Omessmmonum
874 108 1015 149 Lmen
1049 107 1080 146 I.
1421 107 1469 149 71

58 224 98 264 in
131 224 282 264 eodem
325 221 481 263 codini
522 222 655 272 libro,
701 221 759 262 sic
803 219 998 260 habetur:
1043 217 1089 262 Ὁ
1129 221 1349 274 Γερμιόυ,
1396 222 1472 260 καὶ

56 299 167 343 atini
200 297 257 349 ξζ
300 294 408 342 ὄντα
449 297 519 342 σθ’
558 296 820 355 γεγόνασιν.
889 296 1000 337 Hinc
1040 305 1213 350 apparet
1245 293 1468 346 legendum

54 381 273 434 Γερμίων,
303 387 426 431 atque
456 374 570 415 idem
603 390 689 415 esse
721 373 893 416 Germia
931 389 978 414 ac
1019 370 1302 413 Germaniam.
1364 370 1470 411 Ger-

55 454 139 494 mia
176 465 315 494 autem
357 453 399 493 in
440 451 604 492 Galatia
641 453 825 492 secunda
863 468 935 492 seu
977 449 1160 492 Salutari
1208 447 1469 489 constituunt

51 530 237 573 Notitiae
268 540 451 578 veteres,
484 540 524 569 et
553 528 661 568 inter
691 528 1096 583 Archiepiscopatus
1127 523 1470 582 adzoxeq=citovg

51 609 252 649 referunt.
323 606 409 647 Sed
456 604 519 644 his
564 617 772 660 repugnat
819 606 966 645 eadem
1014 602 1168 644 Leonis
1206 601 1466 656 Dispositi03

50 701 144 725 nam
175 695 400 739 postquam
430 681 718 736 Metropoles‚
761 693 802 722 et
838 681 882 722 in
921 681 971 722 iis
1011 678 1282 722 Germaniam
1324 694 1469 718 recen-

50 761 146 812 suit,
175 759 387 818 subjungit
417 758 835 813 Archiepiscopatus‚
876 769 918 799 et
944 757 1054 798 inter
1085 773 1157 797 eos
1188 755 1372 797 Germiis
1405 771 1468 795 se—

51 839 235 878 cundum
275 838 416 877 locum
454 835 640 887 assignat.
712 834 828 889 Quid
867 835 994 888 igitur
1031 844 1231 882 statuam,
1271 847 1359 872 non
1397 831 1466 871 ha-

48 917 152 956 beo:
184 931 305 956 suum
334 912 562 968 unicuique
593 911 786 968 relinquo
821 912 1040 968 judicium,
1071 910 1197 952 satius
1228 910 1383 950 ducens
1413 907 1466 949 si-

48 992 134 1032 lere
165 991 208 1031 in
237 1007 281 1031 re
312 990 483 1040 incerta,
516 1007 640 1046 quam
670 1006 794 1030 vanas
826 1002 868 1030 et
900 989 1044 1030 futiles
1075 987 1336 1046 conjecturas
1365 1002 1466 1042 pro-

47 1084 220 1124 ponere.
279 1066 411 1121 Quod
449 1066 483 1107 si
521 1067 680 1118 integra
719 1078 954 1123 superesset
994 1067 1068 1107 illa
1106 1065 1260 1106 Leonis
1306 1060 1463 1106 διατύ-

47 1160 208 1195 πωσις,
249 1160 326 1184 nec
365 1155 547 1184 extrema
589 1143 652 1184 sui
692 1156 809 1200 parte
850 1145 996 1186 fuisset
1033 1144 1251 1192 mutilata,
1298 1141 1340 1181 in
1382 1157 1462 1196 qua

47 1222 272 1277 unicuique
314 1221 550 1275 Metropoli
591 1221 814 1262 attributae
852 1221 1084 1262 Dioeceses
1124 1220 1462 1265 recensebantur,

49 1298 358 1354 Germaniae¹)
396 1298 522 1339 situm
571 1298 697 1340 facile
745 1313 1104 1350 cognosceremus.
1182 1302 1321 1354 Atque
1361 1296 1461 1336 haec

45 1377 254 1418 hactenus.

167 1600 204 1654 ¹)
236 1599 292 1639 Et
324 1615 420 1650 ego,
459 1599 608 1652 z'nqm‘t
652 1598 943 1647 Is'etstem'us,
976 1608 1147 1637 conatus
1177 1613 1269 1636 sum
1300 1593 1461 1649 aliquid

46 1656 292 1710 impendere
322 1654 444 1711 hujus
474 1655 535 1694 rei
567 1653 882 1704 dilucidationi,
920 1655 990 1694 sed
1023 1653 1128 1694 nihil
1159 1652 1310 1692 certius
1340 1668 1461 1705 repe-

46 1713 129 1753 rire
160 1710 295 1766 potui.
339 1711 486 1761 Τάξις,
517 1728 588 1751 seu
622 1710 843 1764 dispositio
861 1709 1159 1765 patriarchalis,
1192 1726 1272 1763 qua
1303 1719 1458 1747 metru-

46 1767 247 1823 politauis
286 1779 328 1808 et
365 1767 576 1823 episcopis
615 1767 724 1809 ordo
764 1764 955 1809 sedendi
987 1766 1235 1818 assignatur,
1285 1762 1459 1818 corpori

47 1825 268 1866 canonum
312 1823 512 1864 ecelesiae
550 1824 735 1864 Graecae
778 1823 1082 1864 commentario
1121 1821 1283 1877 duplici
1321 1821 1461 1860 Zona-

44 1897 114 1922 rae
146 1892 188 1920 et
207 1880 468 1920 Balsamonis
498 1881 708 1921 illustrato
740 1883 791 1921 ad
823 1882 982 1921 calcem
1012 1878 1186 1935 adjecta,
1219 1889 1260 1917 et
1290 1878 1341 1916 ab
1357 1874 1458 1915 Eni-

45 1937 204 1978 mundo
243 1936 472 1977 Bonefidio
512 1936 584 1976 lib.
617 1939 669 1979 ll.
711 1936 813 1993 juris
854 1935 1081 1978 Orientalis
1128 1935 1302 1983 inserta,
1349 1931 1458 1972 inter

44 1992 304 2048 metropoles
333 2009 511 2033 numero
542 1994 712 2035 LXVlI.
743 1994 866 2049 ponit
901 1991 982 2046 τὴν
1011 1996 1294 2048 Γερμανίαν,
1324 2000 1366 2029 at
1395 1987 1458 2028 in-

45 2063 109 2092 ter
147 2049 531 2105 archiepiscopatus
581 2050 724 2090 sedem
772 2061 960 2105 quartam
1000 2050 1176 2101 assignat
1212 2052 1304 2095 τοῖς
1342 2051 1456 2098 Γερ-

46 2112 188 2164 μίοις,
224 2118 266 2146 et
305 2106 545 2147 vicesimam
591 2118 780 2147 octavam
823 2109 870 2165 τῇ
910 2111 1070 2165 Γέρμῃ.
1143 2104 1264 2158 Quae
1306 2102 1457 2142 consu·-

47 2174 161 2204 mant
191 2163 529 2203 observationem
560 2163 706 2204 Huctii
741 2180 762 2203 e
797 2163 967 2204 Codino
1000 2175 1041 2204 et
1071 2161 1225 2202 Leonis
1257 2157 1456 2206 διατάξει

47 2221 225 2262 allatam.
284 2219 585 2275 Antiquissima
623 2220 697 2261 illa
734 2219 974 2275 Dispositio
1014 2236 1035 2260 a
1068 2218 1287 2260 Guilelmo
1319 2215 1455 2256 Bes-e-

46 2276 160 2328 regio
190 2276 234 2316 in
263 2276 373 2317 notis
413 2278 464 2317 ad
505 2277 737 2317 Pandectas
776 2276 997 2317 canonicas
1035 2276 1296 2317 Graecorum
1340 2271 1456 2314 Oxo-

47 2332 137 2373 niae
176 2332 327 2382 editas,
367 2333 529 2387 publici
566 2333 752 2388 primum
788 2333 890 2390 juris
919 2334 1047 2381 facta,
1078 2348 1161 2387 qua
1192 2346 1338 2370 omnes
1368 2344 1455 2368 me-

44 2389 233 2444 tropoles
264 2400 304 2429 et
335 2389 601 2445 episcopatus
631 2390 814 2446 quinque
835 2390 1083 2445 patriarchis
1100 2391 1309 2435 Romano,
1341 2384 1455 2425 Con-

44 2446 444 2502 stantinopolitano,
473 2446 765 2498 Antiocheno,
806 2446 1087 2488 Alexandrino
1129 2457 1169 2485 et
1208 2441 1455 2498 Hierosoly-

45 2501 202 2542 mitano
233 2502 412 2558 subjecti
432 2515 621 2544 accurate
643 2517 926 2553 recensentur,
959 2503 1260 2545 Germaniam
1277 2499 1451 2540 omnino

44 2558 263 2612 praeterit:
291 2570 339 2599 ut
367 2559 510 2600 multis
539 2572 686 2614 postea
715 2560 830 2601 annis
860 2562 1031 2601 demum
1060 2560 1171 2600 inter
1191 2556 1452 2610 metropoles

48 2625 288 2668 cooptatam
328 2615 451 2657 suisse
492 2633 658 2658 necesse
689 2618 756 2660 sit.
821 2619 979 2658 Rursus
1015 2618 1064 2658 in
1107 2613 1266 2658 Codice
1307 2612 1451 2655 Cano-

47 2682 156 2710 uum
185 2671 396 2713 ecclesiae
424 2673 684 2727 Africanae
722 2674 832 2714 inter
869 2673 1197 2729 subscriptiones
1228 2669 1451 2725 episcopo-

47 2741 139 2765 rum
168 2742 343 2767 numero
368 2728 481 2770 Vlll.
514 2743 575 2771 est
606 2743 646 2772 et
676 2731 797 2772 haec:
830 2729 1059 2776 Κάνδιδος
1080 2731 1332 2784 Γερμανίας
1361 2729 1451 2770 τοῖς

46 2784 242 2835 παροῦσι
281 2791 620 2846 ζῑεπραγμένοις
665 2787 922 2844 ὑπέγραψα.
1002 2787 1172 2828 Licetne
1212 2785 1307 2825 hinc
1350 2798 1449 2821 eon—

49 2839 216 2879 cludere
249 2849 371 2881 euam
402 2842 670 2885 Germaniam
701 2845 907 2899 quandam
939 2844 981 2885 in
1012 2842 1153 2884 Africa
1181 2842 1336 2883 fuisse?
1364 2840 1451 2879 Au-
