1759 3125
281 121 362 166 160
695 118 835 159 Pam
867 119 1082 160 Dimittis
1115 120 1277 162 nomn

390 234 508 276 XlV.
566 232 746 272 Easdem
770 232 806 288 ¹)
838 244 976 288 partes
1007 233 1048 273 in
1078 250 1218 274 rei-um
1250 233 1474 275 molitione
1505 235 1701 276 nonnulli

281 329 302 353 e
335 310 633 353 venustioribus
665 310 859 351 Patribus
889 310 1004 352 Filio
1036 310 1285 353 tribuerunt.
1334 312 1598 368 Theophilus
1619 316 1702 354 An-

401 467 438 523 ¹)
474 466 598 507 Certe
630 482 650 506 a
692 467 816 507 Patre
856 477 1051 520 tanquam
1091 481 1256 505 summo
1290 466 1443 521 opifice
1475 466 1590 522 quasi
1623 466 1702 506 im-

278 549 467 594 perante,
497 553 575 592 per
603 536 763 577 Filium
794 535 929 576 Patris
959 534 1188 592 jussionem
1221 552 1267 575 ac
1295 537 1554 577 voluntatem
1589 552 1703 576 exse-

281 617 507 664 quentem,
539 619 674 647 creata
706 607 832 647 fuisse
865 605 1027 654 omnia,
1059 606 1163 645 adeo
1197 606 1399 646 Arianum
1431 624 1516 647 non
1550 619 1623 656 est,
1653 618 1699 646 ut

279 678 403 719 etiam
446 677 641 718 catholici
674 680 894 725 doctores,
937 675 1008 732 qui
1049 687 1143 731 post
1186 675 1426 716 Concilium
1466 677 1698 717 Neaenum

276 749 494 797 vixerunt,
538 749 692 805 quique
733 748 912 788 Arianae
943 746 1124 786 haeresis
1164 745 1355 786 acerrimi
1387 746 1700 803 impugnatores

275 820 419 868 suere,
460 819 613 873 passim
654 819 761 858 illud
801 819 842 858 in
883 817 1048 873 scriptis
1079 818 1288 857 affirmare
1326 834 1413 857 non
1453 817 1535 858 sint
1565 816 1700 858 veriti.

275 889 527 931 Athanasius
566 889 606 928 in
652 888 725 930 lib.
769 890 820 929 de
854 888 1033 929 decretis
1065 888 1272 928 Nicaenae
1300 887 1474 945 synodi,
1513 889 1614 928 haec
1647 887 1699 926 de

273 960 429 1001 Psalm.
455 959 662 1007 XXXlll‚
692 958 733 1001 9.
794 960 918 1014 „lpse
950 958 1185 1007 mandavit,
1219 970 1259 998 et
1291 971 1426 1000 creata
1458 966 1601 1000 sunt:“
1633 974 1701 997 ex·

274 1031 399 1086 ponit
438 1029 519 1078 sic,
558 1042 605 1069 ut
641 1029 812 1070 Patrem
850 1029 967 1069 Filio
1009 1029 1225 1068 mandasse
1269 1029 1383 1072 velit.
1440 1027 1568 1077 ιΕνός
1607 1029 1698 1071 ἔστι

274 1103 402 1155 θεοῦ,
438 1100 496 1148 ὠς
519 1103 639 1156 χειρὶ
664 1105 909 1156 χρωμένου
953 1103 1012 1154 τῷ
1045 1102 1147 1153 ἰδίῳ
1178 1099 1327 1156 λόγῳ,
1368 1103 1444 1144 καὶ
1486 1102 1534 1143 ἓν
1579 1098 1696 1152 αὐτῷ

272 1174 520 1219 ποιοῦντος
550 1170 601 1212 τὰ
634 1168 798 1215 πάντα.
868 1170 1035 1210 Eodem
1077 1171 1187 1211 libro
1227 1171 1355 1212 infra:
1396 1170 1582 1212 Etenim
1621 1167 1699 1210 Fe·-

274 1242 361 1282 lius
390 1241 502 1292 Dei,
544 1240 703 1296 inquit,
743 1248 796 1282 ut
825 1253 888 1283 ex
917 1242 1024 1296 ipsis
1053 1239 1307 1297 Scripturis
1330 1248 1477 1297 patet,
1507 1241 1600 1295 ipse
1630 1244 1698 1278 est

269 1312 367 1355 Dec·
393 1308 593 1361 verbum,
625 1319 670 1352 et
699 1313 947 1366 supientia,
980 1319 1025 1352 et
1051 1312 1220 1366 imago,
1251 1319 1294 1353 et
1321 1323 1498 1363 manus,
1530 1316 1574 1349 et
1605 1310 1697 1349 vir-

272 1389 356 1423 ius.
416 1381 503 1422 Ubi
532 1398 617 1421 non
650 1381 788 1421 minus
820 1395 915 1437 apte
946 1383 1108 1423 Filium
1153 1393 1275 1421 vocat
1304 1393 1492 1422 manum
1523 1379 1696 1427 Patris,

272 1469 397 1508 quam
430 1451 602 1492 ecclesia
636 1469 729 1492 eum
763 1453 952 1507 appellat
983 1451 1230 1494 dexteram
1262 1452 1374 1500 Dei,
1415 1462 1455 1490 et
1487 1448 1694 1505 Spiritum

269 1534 458 1563 sanctum
491 1521 682 1562 nominat
722 1519 921 1576 digitum
952 1520 1152 1565 dextrae
1183 1522 1296 1572 Del,
1336 1521 1378 1562 in
1417 1521 1494 1560 illo
1538 1504 1693 1577 hym-no

270 1591 622 1634 celebratissinio:
683 1591 793 1633 l'eltt'
838 1591 1034 1634 Creator
1082 1592 1294 1649 Spiritus.
1372 1591 1610 1634 Orientales
1649 1591 1693 1630 in

268 1666 462 1720 exemplo
498 1663 595 1703 fidei
631 1675 774 1703 contra
814 1663 1048 1703 Photinum
1089 1663 1371 1704 haereticum:
1413 1662 1474 1704 Et
1506 1664 1691 1713 iterum,

266 1733 485 1790 inquiunt,
529 1734 860 1786 corfirtnmttes
893 1733 1241 1776 Christianismi
1268 1733 1551 1775 intellectum
1584 1729 1694 1772 dici-

265 1819 386 1847 mus:
419 1805 646 1857 Quoniam
689 1808 730 1845 si
765 1807 860 1860 quis
902 1804 1135 1847 Christum
1177 1804 1354 1857 Deum,
1383 1802 1554 1845 Filium
1588 1803 1688 1852 Dei,

267 1882 378 1916 mite
408 1877 596 1917 saecula
634 1873 953 1917 subsistentem
992 1884 1036 1917 et
1068 1876 1411 1916 ministrantem
1453 1874 1594 1916 Patri
1630 1870 1696 1913 ad

267 1948 466 1987 omnium
490 1946 829 2001 perfectionem
869 1960 959 1987 non
991 1944 1143 1995 dicat;
1180 1944 1262 1986 sed
1295 1958 1355 1986 ea:
1392 1957 1474 1999 quo
1506 1941 1560 1984 de
1589 1943 1692 1984 Ma-
1741 1932 1749 1941 ’

264 2018 342 2056 ria
371 2023 512 2057 natus
543 2023 633 2066 est,
676 2028 736 2056 ex
775 2028 824 2056 eo
864 2024 910 2058 et
944 2015 1176 2058 Christum
1207 2023 1251 2056 et
1281 2014 1450 2056 Filium
1481 2015 1690 2054 nomina-

267 2092 364 2127 tum
395 2098 502 2135 esse,
533 2092 578 2126 et
598 2087 781 2127 initium
803 2089 1041 2142 accepisse,
1071 2094 1123 2128 ut
1142 2087 1203 2126 sz‘t
1228 2085 1369 2135 Dens,
1401 2082 1539 2132 dicat,
1571 2095 1689 2124 arm-

271 2154 427 2197 tllema
459 2158 533 2197 sit.
592 2155 753 2195 Marius
791 2155 893 2196 item
934 2155 1086 2195 Victor
1123 2155 1196 2197 lib.
1230 2157 1262 2195 I.
1303 2156 1354 2195 de
1394 2171 1536 2195 rerum
1577 2170 1689 2194 crea-

265 2226 404 2267 tione:

376 2296 498 2349 Quae
529 2296 753 2336 mandante
784 2295 880 2335 Deo
915 2312 1010 2336 cum
1040 2295 1190 2351 plenus
1222 2306 1361 2335 mente
1393 2293 1585 2334 Parentis

372 2366 510 2407 Filius
542 2365 812 2421 omnipotens
844 2367 1014 2406 faceret.

259 2436 426 2477 Eodem
477 2447 666 2490 spectant
716 2447 756 2476 et
803 2435 876 2476 illa
924 2436 1124 2491 Prosperi
1171 2435 1211 2476 in
1263 2433 1582 2476 Commentario
1630 2433 1681 2473 ad

259 2506 412 2548 Psalm.
445 2506 674 2555 CXLVIII,
707 2507 743 2548 Ξ).
806 2505 904 2562 Ipse
941 2504 1203 2556 mandavit,
1259 2512 1304 2546 et
1350 2511 1512 2555 creant
1557 2511 1679 2545 sunt.

261 2575 395 2628 Quod
421 2577 542 2616 enim
574 2575 699 2617 Deus
736 2574 867 2625 dicit,
919 2574 1058 2618 Verbo
1098 2574 1230 2617 dicit:
1270 2583 1317 2616 et
1359 2575 1577 2625 Verbum,
1592 2587 1680 2631 per

257 2645 378 2701 quod
391 2646 540 2700 fucta
570 2654 677 2688 sunt
711 2649 884 2696 onmia,
926 2645 1200 2688 mandatum
1241 2644 1434 2687 dicentis
1473 2647 1679 2700 eoesequi-

257 2726 349 2759 tur.
368 2732 376 2739 ⁸
410 2715 675 2771 Sriptoribus
707 2716 789 2756 illis
821 2716 922 2757 libet
954 2716 1022 2757 hic
1050 2734 1181 2756 unum
1200 2715 1411 2757 Hilarium
1438 2714 1680 2772 adjungere,

257 2787 330 2842 qui
360 2786 401 2826 in
433 2786 504 2826 lib.
528 2785 597 2828 IV.
631 2787 681 2827 dc
713 2787 920 2828 Trinitate
951 2804 1073 2840 agens
1106 2788 1156 2827 de
1188 2787 1326 2828 verbis
1357 2785 1441 2826 illis
1474 2785 1675 2833 Genes.l‚

255 2857 323 2900 26.
385 2856 633 2907 „Faciamus
683 2856 897 2898 hominem
939 2858 991 2898 ad
1029 2857 1250 2910 imaginem
1290 2861 1537 2903 nostram,“
1579 2866 1674 2902 etc„
