1759 3125
283 90 366 135 310
702 93 845 135 Pssrm
875 94 1090 138 DANmus
1122 94 1288 136 Hussrn

288 205 437 258 agendi
482 206 729 247 facultatem
768 207 936 263 placitis
963 207 1233 248 -consectaria
1273 205 1470 246 videntur
1500 205 1574 246 illa
1605 206 1711 259 du0;

288 282 470 324 aliorum
510 283 901 334 adhortationibus,
947 284 1173 340 exemplis,
1221 296 1263 324 et
1302 282 1636 324 institutionibus
1661 285 1713 325 ad

289 360 467 401 meliora
497 361 707 417 proficere
740 378 864 418 posse
895 361 1087 414 angelos,
1120 374 1160 402 et
1189 361 1338 402 mortis
1371 361 1527 403 Christi
1557 362 1715 402 benefi-

293 437 359 478 cio
390 438 594 491 gaudere3
623 439 817 490 alterurn,
847 451 1062 491 gestorum
1092 439 1302 479 rationem
1332 438 1437 479 olim
1461 438 1716 488 reddituros,

295 526 336 556 et
365 526 552 556 extremo
599 516 775 557 examini
806 533 852 557 ac
882 515 1043 572 judicio
1075 515 1291 557 subditum
1329 515 1393 556 iri.
1453 516 1578 557 Prius
1608 516 1718 557 illud

293 591 450 648 partim
479 593 562 651 jam
592 610 717 649 supra
748 593 982 646 attigimus,
1029 610 1124 634 cum
1166 609 1384 645 ageremus
1423 593 1476 633 de
1506 594 1717 634 taxatione
1757 584 1759 587 ι

295 670 502 722 sanguinis
536 671 704 720 Christi,
738 672 804 726 (ut
834 670 1086 711 scholastico
1128 686 1248 710 more
1281 670 1474 727 loquar),
1506 683 1547 712 et
1575 683 1718 712 utrum

295 748 347 789 ad
388 748 559 801 angelos
605 748 729 789 effusi
772 747 928 789 Christi
966 748 1175 800 sanguinis
1215 747 1390 800 gratiam
1428 749 1722 803 prorogaverit
1757 805 1759 811 Ι

297 825 515 877 Origenes,
548 841 855 881 quaereremus.
927 827 1049 867 Nunc
1088 841 1188 866 vero
1231 824 1386 881 ecquid
1425 826 1572 866 alienis
1601 842 1722 882 prae·
1757 834 1759 870 1

298 903 429 958 ceptis
460 902 680 944 informari
713 920 798 954 eos,
831 915 871 944 et
903 905 955 945 ad
986 904 1187 945 virtutem
1219 903 1358 955 arrigi,
1391 904 1458 944 vel
1491 902 1722 944 institutio-

294 979 417 1020 nibus
450 980 606 1021 erudiri
638 982 931 1032 autumaverit,
961 982 1286 1037 perpendamus.

408 1057 564 1100 XVIII.
635 1060 759 1101 Pauli
794 1060 992 1116 Apostoli
1023 1060 1075 1100 ad
1106 1060 1315 1115 Ephesios
1346 1059 1566 1100 scribentis
1597 1060 1724 1100 verba

296 1137 399 1177 haec
430 1148 545 1177 sunt:
587 1137 781 1194 „Mihi¹)
826 1137 1017 1177 omnium
1056 1148 1299 1178 sanctorum
1329 1136 1507 1178 minimo
1539 1138 1632 1177 data
1665 1148 1725 1177 est

295 1213 425 1265 gratia
457 1214 581 1264 haec,
619 1215 661 1255 in
703 1215 911 1256 Gentibus
954 1214 1237 1266 evangelizare
1269 1214 1578 1266 investigabiles
1619 1214 1725 1254 divi-

296 1289 375 1330 tias
406 1291 575 1343 Christi,
609 1303 650 1332 et
681 1292 922 1332 illuminare
954 1308 1114 1341 omnes,
1147 1308 1252 1347 quae
1283 1292 1337 1333 sit
1369 1291 1627 1347 dispensatio
1660 1308 1723 1332 sa-

299 1368 502 1408 cramenti
532 1369 767 1410 absconditi
798 1386 821 1409 a
851 1369 1027 1410 saeculis
1058 1369 1100 1409 in
1131 1369 1244 1421 Deo,
1277 1369 1348 1425 qui
1381 1369 1523 1409 omnia
1555 1369 1723 1419 creavit,

297 1456 344 1485 ut
373 1445 611 1487 innotescat
639 1463 751 1487 nunc
781 1445 1089 1502 principatibus
1128 1459 1169 1487 et
1198 1446 1479 1502 potestatibus
1511 1447 1552 1487 in
1585 1448 1726 1488 coele-

297 1521 429 1564 stibus
478 1540 555 1579 per
595 1524 813 1565 ecclesiam
855 1525 1132 1565 multiformis
1172 1525 1376 1581 sapientia
1416 1524 1541 1566 Dei.“
1609 1525 1725 1565 Haec

298 1598 479 1655 antiquis
519 1602 720 1644 ecclesiae
759 1602 956 1643 Patribus
996 1619 1160 1644 causam
1202 1604 1432 1652 dederunt,
1477 1619 1549 1643 cur
1580 1603 1725 1643 crede-

297 1688 391 1718 rent
429 1678 632 1736 pleraque
673 1680 759 1721 Dei
797 1680 996 1738 mysteria
1033 1682 1200 1734 angelos
1241 1697 1318 1736 per
1358 1679 1577 1721 ecclesiam
1619 1680 1725 1721 didi-

299 1753 416 1805 cisse,
446 1771 533 1796 non
565 1773 612 1797 ea
643 1757 829 1814 quidem,
861 1774 968 1814 quae
984 1758 1069 1799 Dei
1098 1770 1271 1801 naturae
1301 1757 1536 1799 necessario
1563 1757 1727 1810 insunt;

297 1831 370 1873 illa
401 1833 610 1890 siquidem
644 1845 933 1889 cognoverunt
963 1852 1124 1886 omnes,
1156 1853 1251 1877 cum
1279 1837 1410 1876 semel
1430 1836 1477 1876 iis
1497 1836 1727 1875 contuendi

298 1909 383 1950 Dei
414 1912 588 1954 facultas
620 1930 815 1955 concessa
847 1927 928 1967 est;
967 1916 1041 1955 sed
1073 1930 1178 1970 quae
1210 1914 1342 1954 libere
1373 1915 1491 1954 Deus
1523 1924 1563 1953 et
1593 1913 1727 1953 forin-

300 2002 420 2028 secus
453 2002 666 2045 operatur,
699 2008 848 2032 eorum
881 1994 1054 2032 demum
1074 1991 1361 2043 cognitionem
1393 1990 1520 2030 fuisse
1552 2007 1628 2045 per
1661 2007 1724 2031 ec-

300 2064 469 2106 clesiam
501 2068 690 2123 adeptos.
752 2069 982 2122 Gregorius
1021 2071 1230 2126 Nyssenus
1270 2067 1430 2108 Homil.
1463 2067 1501 2111 S.
1544 2069 1586 2108 in
1619 2068 1731 2109 Can-=

298 2141 367 2184 tic.
399 2142 458 2184 ita
487 2144 610 2186 Pauli
640 2146 784 2186 locum
815 2147 1145 2202 interpretatur,
1183 2161 1390 2185 summam
1431 2157 1471 2185 et
1501 2145 1725 2186 admirabi-

301 2220 385 2260 lem
426 2221 512 2262 Dei
552 2234 830 2278 potestatem,
877 2239 958 2280 qua
999 2223 1140 2263 omnia
1190 2224 1241 2263 de
1281 2222 1415 2263 nihilo
1457 2223 1552 2263 solo
1595 2224 1723 2263 verbo

302 2297 508 2350 condidit,
538 2301 708 2354 angelos
742 2300 912 2357 quidem
934 2302 1089 2356 absque
1112 2300 1313 2340 ecclesiae
1338 2316 1419 2354 ope
1446 2299 1724 2340 intellexisse:

302 2375 546 2426 cognovisse
589 2394 689 2419 vero
722 2395 799 2434 per
830 2378 1051 2420 ecclesiam
1082 2376 1400 2427 incarnationis,
1436 2377 1724 2427 redemtionis,

300 2452 449 2503 crucis,
481 2466 523 2494 et
553 2455 701 2496 mortis
733 2455 888 2497 Christi
919 2454 1127 2514 mysteria.
1190 2455 1302 2495 Tum
1335 2453 1529 2494 dubitans
1560 2470 1724 2509 propo-

299 2528 375 2578 nit,
407 2531 560 2586 ecquid
591 2535 634 2573 in
666 2533 863 2584 ecclesia,
916 2550 1020 2589 quae
1054 2531 1208 2575 Christi
1241 2548 1394 2587 corpus
1440 2543 1526 2581 est,
1573 2543 1723 2586 utpote

302 2604 389 2662 ejus
421 2623 587 2663 sponsa,
620 2628 822 2666 sponsum
855 2610 995 2667 ipsum
1026 2609 1225 2651 hactenus
1255 2609 1335 2650 sibi
1359 2624 1444 2649 non
1468 2608 1602 2648 visum
1622 2624 1730 2648 con-.

300 2685 524 2739 spexerint.
588 2690 911 2746 Chrysostomus
942 2700 1182 2744 praeterea,
1233 2703 1327 2728 cum
1359 2686 1482 2736 alibi,
1514 2697 1604 2727 tum
1638 2701 1721 2726 me-

420 2844 459 2898 1)
494 2845 577 2887 Csr.
611 2846 764 2902 Ephes.
799 2846 872 2895 HI,
906 2844 943 2887 8.
978 2846 1014 2886 9.
1050 2842 1113 2886 10.
