1759 3125
468 141 857 182 OfflGEmANoRUM
888 139 1028 179 Lmen
1060 138 1090 179 Ι.
1434 139 1485 182 21

74 274 119 297 ex
151 254 321 296 aedibus
358 253 400 294 in
439 254 562 294 aedes
602 251 831 305 fugientem
861 250 1080 303 migrasse,
1118 266 1203 290 non
1235 266 1282 290 ex
1314 251 1487 292 urbibus

72 333 112 372 in
143 333 290 382 urbes;
332 342 372 371 et
400 342 489 370 tota
518 330 622 370 urbe
652 329 898 384 neutiquam
928 327 1116 384 potuisse
1149 326 1364 376 occultari,
1398 344 1485 368 non

70 426 170 449 vero
201 407 493 449 Alexandrinis
532 407 682 447 finibus
722 405 952 447 excessisse.
1013 405 1123 445 Tum
1157 403 1358 444 continuo
1391 406 1487 446 sub-

71 484 161 542 jicit
198 495 264 525 tot
305 483 391 541 ejus
432 485 626 540 exemplo
666 485 718 524 ad
750 482 904 524 Christi
936 493 1074 538 partes
1111 482 1237 521 fuisse
1268 481 1485 531 adductos,

69 574 116 602 ut
145 573 355 602 crescente
393 560 434 601 in
475 561 561 601 dies
594 561 1001 602 Catechumenorum
1031 574 1231 606 numerO,
1272 573 1377 612 quos
1408 557 1486 612 ipsi

70 639 151 679 soli
181 638 458 679 instituendos
491 639 757 679 commiserat
787 636 1029 679 Demetrius
1062 635 1367 676 Alexandrinus
1398 634 1485 690 epi-

70 732 243 771 scopus,
292 715 600 756 Grammaticae
648 715 746 756 artis
802 713 1065 770 professione
1121 728 1164 753 se
1217 711 1485 753 abdicaverit.

75 792 240 846 Quibus
279 792 336 833 ita
373 794 423 833 ab
453 791 638 832 Eusebio
674 790 921 848 conjunctis,
954 791 1045 847 quis
1076 802 1161 831 tam
1195 789 1486 844 longinquum,

70 880 238 924 tamque
278 868 524 909 diuturnum
573 869 655 909 iter
691 880 813 924 putet
862 867 1172 909 intercessisse?
1230 866 1338 908 Cum
1375 866 1485 906 illud

72 961 169 997 ergo
201 945 386 1001 tempori
418 947 514 987 huic
544 946 718 987 minime
747 946 882 1002 possit
910 946 1056 1002 aptari,
1089 942 1355 986 commodius
1373 943 1488 983 aliud

70 1021 177 1062 infra
206 1022 391 1078 reperire
424 1024 679 1065 conabimur.

183 1100 258 1140 XI.
320 1100 569 1141 Confluente
590 1101 629 1156 ¹)
660 1101 703 1141 in
737 1099 825 1141 dies
855 1101 905 1140 ad
939 1099 1180 1151 origenem,
1211 1110 1258 1139 ut
1289 1098 1386 1147 dixi,
1417 1114 1488 1138 au-

73 1176 258 1216 ditorum
287 1193 480 1227 nurnero,
513 1193 617 1233 quos
649 1177 801 1233 partim
822 1176 1129 1218 Grammaticae
1161 1175 1361 1225 studium,
1392 1191 1487 1230 par-

71 1253 148 1294 tim
180 1253 434 1295 Christianae
467 1255 682 1295 doctrinae
712 1253 1008 1310 percipiendae
1035 1252 1241 1309 cupiditas
1260 1251 1487 1301 alliciebat,

70 1347 221 1386 parum
250 1331 329 1371 sibi
361 1331 584 1372 convenire
616 1331 795 1373 credidit
825 1332 989 1372 tradere
1022 1332 1227 1371 elementa
1254 1328 1487 1378 literarum,

74 1407 146 1464 qui
175 1410 303 1449 verbo
335 1409 419 1449 Dei
449 1408 673 1450 hominum
703 1420 863 1449 mentes
893 1419 1037 1464 posset
1066 1407 1270 1449 imbuere.
1329 1405 1489 1460 Quam-

76 1486 222 1525 obrem
252 1486 468 1538 abrogavit
506 1486 584 1527 sibi
621 1487 847 1526 tradendae
887 1484 1196 1525 Grammaticae
1234 1499 1406 1532 munus,
1448 1493 1489 1522 et

75 1562 127 1602 ad
167 1563 436 1603 celebrandas
473 1562 672 1603 meliores
712 1562 922 1602 doctrinas
962 1578 1006 1601 se
1044 1560 1265 1601 convertit.
1349 1563 1488 1614 Atque

76 1638 172 1679 hinc
201 1638 446 1680 imminutos
485 1639 545 1679 rei
585 1639 802 1680 familiaris
840 1640 999 1679 fructus
1029 1649 1075 1678 ut
1105 1638 1295 1687 sarciret,
1325 1638 1488 1692 profes-

75 1715 188 1756 sorio
218 1716 383 1756 muneri
411 1717 534 1757 utiles
565 1717 720 1766 libros,
766 1732 944 1771 quorum
983 1715 1167 1771 pretiosa
1206 1714 1286 1770 ipsi
1315 1713 1488 1769 suppel-

77 1793 143 1833 lex
184 1804 290 1842 erat,
324 1793 511 1834 distraxit
551 1809 719 1843 omnes,
750 1809 796 1833 ac
838 1793 1009 1833 diurnae
1041 1803 1222 1847 quatuor
1259 1791 1487 1831 obolorum

76 1869 288 1924 pensionis
317 1869 454 1924 pretio
487 1868 689 1918 vendidit,
718 1863 826 1924 ne‘2)
859 1869 980 1924 operi
1020 1884 1095 1908 suo
1129 1868 1380 1908 destinatum
1413 1868 1492 1907 do-

75 1946 270 1987 mesticae
299 1945 360 1986 rei
391 1945 634 1986 sollicitudo
670 1946 911 1986 retraheret.

187 2025 285 2065 XII.
344 2024 411 2063 Ad
435 2025 476 2079 3)
521 2039 662 2063 rerum
689 2023 731 2078 ⁴)
789 2022 1022 2063 divinarum
1078 2022 1261 2063 studium
1317 2021 1490 2062 accessit

202 2218 240 2271 ¹)
276 2217 363 2259 Cfr.
398 2218 550 2259 Euseb.
583 2217 688 2259 Hist.
719 2219 880 2258 Eccles.
917 2220 984 2259 lib.
1010 2220 1081 2266 Vi,
1117 2235 1205 2273 cap.
1229 2219 1265 2261 3.

194 2288 237 2342 2)
268 2287 474 2327 Eusebius
503 2288 559 2327 ait
588 2287 646 2328 sic
678 2288 805 2340 egisse
838 2288 1065 2340 Origenem
1098 2286 1324 2343 prudenti
1349 2292 1490 2330 Consl-

82 2345 138 2387 lio
167 2357 313 2398 usum,
345 2357 401 2385 ne
431 2345 580 2386 alieno
608 2343 808 2385 subsidio
839 2357 947 2400 opus
976 2344 1181 2386 haberet.
1213 2346 1263 2386 R.

196 2414 236 2470 3)
270 2415 354 2455 Cfr.
385 2415 538 2455 Euseb.
569 2414 675 2456 Hist.
707 2414 866 2454 Eccles.
899 2414 970 2456 lib.
992 2415 1061 2455 VI.
1095 2432 1182 2471 cap.
1203 2415 1242 2458 3.

198 2485 240 2538 ⁴)
272 2483 522 2524 Christianas
554 2484 747 2536 Origenis
778 2485 951 2525 virtutes
982 2485 1135 2525 leviter
1162 2478 1393 2525 admodum
1424 2485 1490 2525 hie

84 2540 245 2592 attingit
274 2540 465 2591 Huetius‚
500 2557 597 2595 quas
628 2552 766 2581 tamen
795 2541 1001 2582 Eusebius
1034 2553 1073 2581 et
1102 2541 1173 2581 alii
1206 2542 1327 2593 longe
1360 2542 1490 2581 fusius

86 2597 336 2637 describunt.
387 2595 660 2651 Hujusmollc’
673 2594 926 2652 disciplina,
950 2597 1086 2653 inquit
1102 2598 1307 2637 Eusebius
1329 2597 1400 2637 lib.
1413 2599 1487 2638 VI.

88 2668 177 2706 cap.
208 2651 270 2701 3.,
299 2659 346 2694 et
378 2652 520 2707 plane
544 2652 855 2709 philosophica
894 2656 1076 2695 ratione
1112 2652 1311 2702 vivendi,
1346 2654 1491 2709 plari-

89 2705 167 2748 bus
196 2706 400 2763 deinceps
429 2712 564 2750 annis
593 2712 666 2751 uti
686 2713 1018 2765 perseveravit,
1051 2723 1201 2752 omnes
1217 2710 1492 2766 juvenilium

90 2761 391 2817 cupiditatum
418 2765 657 2807 illecebras
686 2764 880 2821 undique
907 2765 1181 2808 submovens.
1239 2767 1307 2809 Ac
1328 2763 1491 2806 diurno

90 2817 266 2874 quidem
295 2826 492 2875 tempore
518 2824 815 2877 gravissimos
854 2824 1066 2879 cujusque
1104 2820 1228 2863 moda·
1261 2822 1492 2863 exercita-

90 2877 263 2917 tionum
292 2873 470 2918 labores
501 2877 751 2921 tolerabat:
789 2882 934 2922 noctae's
962 2891 1067 2922 vero
1098 2879 1353 2921 maximam
1380 2887 1491 2932 par-
