1759 3125
476 98 863 138 OfflGENIANome
894 94 1037 134 Lmen
1067 94 1124 135 Π,
1405 92 1490 137 295

79 225 261 266 aarum,
292 217 337 251 et
368 211 490 264 ignis
520 206 704 255 ardore,
733 207 885 260 mages
913 205 1086 261 eltgere
1105 211 1157 246 ut
1179 204 1366 245 brutum
1389 207 1490 246 anl-

78 288 177 330 mal
200 288 282 335 sit,
329 292 375 326 et
416 285 464 325 in
505 285 633 339 aquis
670 280 849 324 habitet
878 289 925 324 et
941 282 1191 336 fluctibus,
1231 292 1290 321 ac
1327 291 1491 334 corpus

77 373 303 406 assumere
334 359 479 416 hujus,
510 359 583 401 vel
609 359 731 401 illius
752 360 959 415 pecoris:
987 365 1040 400 ut
1067 355 1196 399 nobis
1223 368 1315 398 non
1344 355 1491 397 solum

74 435 440 496 quadrupedum,
482 434 566 478 sed
599 443 645 478 et
678 438 873 493 piscium
911 448 1108 493 corpora
1144 437 1238 477 sim
1267 430 1489 476 timenda.

70 519 211 572 Atque
248 516 355 555 hanc
389 515 440 554 de
478 513 636 555 naturis
673 514 950 555 rationalibus
984 513 1028 554 in
1067 512 1355 570 jumentorum
1395 527 1490 552 cor-

69 609 174 650 pora
204 590 476 633 demittendis
508 590 756 646 opinionem
788 594 898 633 inter
924 589 1178 647 praecipuos
1208 605 1372 630 errores
1389 587 1490 630 Ori-

70 668 164 721 geni
194 667 440 723 exprobrari
470 667 619 708 solitos
659 680 876 709 enumerat
914 678 1066 709 auctor
1102 682 1338 724 anonymus
1371 664 1485 720 apud

69 744 273 786 Photium
315 744 423 786 Cod.
457 745 550 787 117.
617 745 849 785 Enumerat
880 755 921 785 et
950 743 1102 784 istum:
1138 741 1234 786 ’Ότι
1265 743 1314 786 ἐκ
1343 757 1486 785 κατα-

69 820 281 870 πτώσεως
318 813 465 875 ἦλθον
516 824 558 865 οἱ
597 819 721 878 ἅγιοι
763 822 901 878 (legoz
932 816 1144 878 ἄγγελοι)
1183 822 1244 869 εἰς
1281 814 1362 862 τὸν
1401 815 1486 860 κό-

70 914 204 954 σμον,
238 898 329 942 ἀλλ’
364 897 415 943 οὐ
449 898 503 941 δι’
539 899 702 956 ἑτέρων
737 897 1008 957 θεράπειαν.
1074 896 1335 939 Justinianus
1362 909 1485 950 prae-

65 988 179 1017 terea
208 975 252 1016 in
282 974 402 1030 epist.
435 976 488 1015 ad
519 974 705 1031 quintam
739 976 964 1033 synodum,
994 990 1121 1031 quam
1149 973 1298 1014 recitat
1327 972 1484 1014 Cedre-

66 1070 157 1103 nus,
190 1064 231 1093 et
261 1052 528 1107 Sophronius
558 1052 600 1093 in
634 1051 754 1108 epist.
784 1052 837 1092 ad
867 1051 1085 1104 Sergium,
1124 1050 1313 1107 ejusdem
1344 1048 1484 1090 crimi-

66 1130 130 1171 nis
162 1128 391 1182 Origenem
422 1141 654 1182 arcessunt;
694 1128 864 1170 arcessit
909 1128 1093 1184 denique
1132 1140 1175 1169 et
1209 1129 1255 1170 S.
1295 1127 1484 1168 Thomas

67 1219 175 1263 part.
206 1207 244 1251 1.
276 1218 432 1262 quaest.
464 1207 532 1250 64.
562 1224 597 1248 a.
626 1206 681 1257 2.,
713 1219 754 1246 et
783 1206 826 1246 in
857 1206 1123 1262 expositione
1153 1221 1277 1247 aurea
1305 1204 1351 1249 in
1379 1202 1481 1245 Johi

68 1295 193 1339 caput
221 1284 260 1326 4.
291 1285 523 1325 cavendum
562 1283 619 1325 ait
657 1285 707 1325 ab
747 1285 830 1324 hoc
870 1283 958 1340 ejus
989 1300 1157 1335 errore,
1194 1299 1280 1340 quo
1309 1280 1484 1338 spiritus

67 1376 340 1417 quoscunque
372 1373 533 1402 creatos
562 1360 778 1401 instabiles
804 1362 1000 1412 asseruit,
1039 1373 1081 1402 et
1108 1377 1233 1417 posse
1263 1360 1316 1401 ad
1345 1358 1484 1415 pravi-

64 1450 193 1479 tatem
225 1438 416 1493 perduci,

177 1515 300 1556 ΧΠΙ.
361 1515 654 1556 consulendus
684 1515 735 1554 ad
761 1514 864 1554 haec
884 1512 1095 1555 Maximus
1113 1525 1271 1571 martyr
1289 1513 1332 1553 in
1349 1511 1482 1554 Scho-

68 1593 134 1634 liis
170 1594 222 1634 ad
263 1609 353 1648 cap.
384 1591 424 1636 6.
482 1591 679 1649 Dionysii
720 1592 772 1631 de
816 1591 1085 1634 ecclesiastic.
1129 1590 1370 1640 Hierarch.,
1406 1587 1482 1628 ubi

65 1669 428 1711 animadversione
460 1669 631 1722 dignum
663 1680 746 1718 est,
777 1669 894 1724 quod
924 1669 981 1710 ait
1018 1686 1067 1710 ex
1107 1669 1311 1721 Origene:
1350 1663 1480 1709 Κατὰ

66 1748 148 1802 ἰἡν
180 1747 437 1802 ἀναλογίαν
473 1749 549 1798 τῆς
577 1750 874 1803 παρατροπῆς
912 1746 1102 1790 ἕκαστον
1130 1750 1221 1789 τῶν
1253 1745 1482 1800 οὐρανίων

67 1822 312 1882 ταγμάτων
351 1821 560 1879 σώμασιν
607 1824 852 1876 ἐνδεθῆναι
899 1826 1194 1881 λεπτοτέροις.
1260 1821 1482 1864 Contraria

64 1902 252 1944 Maximo
282 1900 412 1942 tradit
440 1899 696 1952 Augustinus
724 1900 796 1940 lib.
828 1901 904 1942 XI.
935 1902 988 1941 de
1019 1900 1146 1943 Civit.
1176 1900 1261 1941 Dei
1292 1898 1482 1954 cap.23.‚

65 1979 236 2021 sensisse
268 1978 407 2019 dicens
439 1978 689 2030 Origenem‚
719 1978 876 2019 animas
906 1995 985 2034 pro
1014 1978 1178 2019 ratione
1206 1988 1481 2034 peccatorum

67 2075 241 2099 suorum
258 2056 448 2109 graviora
479 2071 660 2111 corpora
687 2055 910 2108 inducere3
939 2057 1055 2112 quod
1085 2056 1143 2097 ita
1171 2056 1403 2113 impugnat,
1434 2055 1479 2096 id

66 2136 102 2177 si
130 2136 204 2186 sit,
244 2133 405 2187 gravius
447 2134 644 2175 daemoni
673 2133 845 2191 adjungi
875 2135 1029 2174 debere
1060 2150 1215 2190 corpus
1247 2150 1372 2190 quam
1402 2134 1480 2173 ho-

66 2213 182 2263 mini,
211 2223 361 2267 utpote
393 2211 465 2267 qui
494 2212 590 2267 plus
628 2212 829 2267 peccarit.
886 2211 1066 2252 Dubitat
1101 2211 1299 2267 profecto
1330 2210 1481 2263 Orige-

65 2306 150 2341 nes,
178 2301 272 2330 utra
300 2288 476 2329 inferior
505 2289 558 2330 sit
589 2289 806 2330 daemonis
835 2301 996 2339 natura,
1026 2305 1077 2329 an
1098 2287 1297 2340 hominis,
1329 2290 1477 2345 (quam

68 2367 249 2420 angelica
288 2366 413 2406 etiam
462 2367 810 2421 praestantiorem
849 2384 935 2408 esse
976 2366 1265 2408 Tertullianus
1310 2366 1384 2407 lib.
1418 2368 1476 2407 II.

70 2457 212 2486 contra
248 2443 454 2486 Marcion.
496 2461 584 2500 cap.
614 2444 652 2488 8.
681 2445 957 2500 autumavit),
993 2444 1260 2500 proindeque
1301 2443 1476 2484 definire

69 2539 154 2563 non
182 2533 346 2578 potest,
373 2534 511 2562 utram
541 2522 738 2578 suscipit,
775 2522 847 2578 qui
876 2522 1115 2575 graviorum
1145 2521 1354 2562 scelerum
1383 2537 1479 2562 reus

71 2602 140 2642 fit:
166 2601 436 2654 Ἐπίστησον
466 2601 515 2643 δὲ
534 2632 543 2650 ,
582 2599 718 2656 inquit
757 2601 882 2642 Tom.
920 2601 958 2645 1.
998 2599 1040 2640 in
1069 2601 1221 2641 Joann.
1250 2617 1365 2642 num.
1395 2600 1476 2650 34„

71 2677 265 2736 πότερον
302 2674 545 2734 ἅνθρωπός
585 2680 677 2723 ἔστι
713 2677 762 2722 τὸ
804 2681 1017 2735 ἔσχατον,
1059 2674 1083 2732 ἢ
1123 2677 1176 2722 πὶ
1216 2676 1476 2734 καλούμενα

73 2753 374 2812 καταχθόνιοι,
417 2749 481 2799 ὧν
520 2760 606 2800 εἰσι
643 2759 720 2800 καὶ
759 2760 801 2800 οἱ
838 2758 1078 2810 δαίμονες,
1111 2753 1207 2809 ἤτοι
1237 2756 1417 2808 πάντες,
1450 2751 1476 2808 ἢ

74 2849 197 2883 τινες.
255 2833 310 2875 Et
339 2834 466 2888 paulo
497 2833 707 2889 superius:
748 2832 876 2879 Οὕτω
908 2835 957 2880 δὲ
989 2838 1049 2892 τῷ
1081 2836 1250 2891 λογικῷ
1279 2838 1479 2887 καταβα-
