1759 3125
253 87 334 134 172
664 84 806 126 Pssrm
834 83 1048 127 DAmssms
1087 85 1255 131 Hunni

254 216 334 249 νας
363 202 573 254 εἴποιμεν
604 196 677 240 ἀπ’
713 197 854 256 ἀρχῆς
885 193 1109 248 αὐτόπτας
1138 202 1377 256 γεγονέναι
1403 201 1482 242 τοῦ
1515 196 1672 256 λόγου,

253 280 358 334 περὶ
393 267 459 320 ὧν
500 273 746 324 ὁΛουκᾶς
787 288 925 333 ᾳησι·
967 275 1212 332 ,,καθώς1)
1253 278 1520 334 παρέδοσαν
1559 275 1674 333 ἡμῖν

254 357 297 399 οἱ
327 353 401 396 ἀπ’
437 352 578 409 ἀρχῆς
608 349 826 396 αὐτόπται
862 354 939 395 καὶ
970 350 1186 408 ὑπηρέται
1215 351 1459 410 γενόμενοι
1491 356 1569 397 τοῦ
1591 351 1674 398 λό-

251 432 403 490 yov·“
436 428 551 474 οὕτω
595 427 674 472 τὸν
712 432 891 484 σωτῆρα
933 427 1163 484 αὐτόπτην
1201 432 1389 488 λέξομεν
1428 429 1542 476 εἶναι
1584 434 1675 475 τῶν

251 507 379 567 παρὰ
409 510 470 565 τῷ
501 509 654 565 πατρὶ,
682 508 757 550 καὶ
789 504 902 550 κατὰ
933 508 1065 550 τοῦτο
1084 508 1292 563 εἰρῆσθαι
1323 506 1398 552 τό·
1431 508 1672 564 ,,οὗὸ“εὶς2)

1064 584 1111 607 ·“
1145 583 1288 627 οὐκέτι
1322 584 1560 628 αἰτοπτῶν
1591 582 1672 630 ὄν-

252 588 370 643 ἕγνω
403 585 483 629 τὸν
512 587 699 642 πατέρα,
734 587 772 628 εἷ
801 580 863 639 μῆ
898 581 920 627 ό
954 580 1048 632 υἱός

251 679 342 708 των
374 657 437 712 οἷς
466 659 527 704 ἂν
568 659 590 705 ὁ
632 659 725 709 υἱὸς
758 656 1051 719 ἀποκαλύψῃ.
1108 663 1256 714 Δηλοῖ
1283 661 1331 704 δὲ
1363 659 1411 705 τό
1442 660 1674 717 αὐτόπτην

249 743 342 786 τῶν
373 741 423 783 ἐν
452 740 512 795 τῷ
545 741 684 794 πατρὶ
712 734 956 794 τυγχάνειν
988 735 1068 781 τόν
1099 739 1278 795 ’σωτῆρα
1309 742 1467 797 σαᾳῶς
1497 738 1522 795 ἡ
1553 757 1674 799 προ-

251 821 434 873 κειμένη
469 818 583 864 λέξις
624 815 674 857 ἓν
711 816 796 870 τῷ·
836 810 902 872 „c‘c‘
918 814 959 871 ³)
1000 811 1088 872 ἐγώ
1121 813 1300 872 ἑώρακα
1330 815 1453 873 παρὰ
1486 820 1546 874 τῷ
1578 834 1673 860 πα-

471 895 489 903 ν

250 898 337 952 τρὶ,
369 893 544 936 λαλω.“
604 891 686 932 Hic
718 903 872 942 autern,
903 903 951 932 ut
979 892 1080 932 alibi
1110 909 1258 948 saepe,
1288 893 1398 933 illud
1429 909 1477 934 ex
1509 893 1674 950 Apolo-

251 971 317 1024 gia
355 968 570 1025 Pamphili
607 984 810 1024 usurpare
851 968 972 1010 licet:
1009 967 1218 1012 Dubium
1260 976 1417 1011 autem
1456 983 1546 1012 non
1586 978 1672 1022 est,

250 1046 369 1106 quod
395 1045 550 1090 eodem
579 1058 712 1088 sensu
743 1048 885 1088 etiam
915 1048 964 1088 z‘u
984 1049 1147 1089 ceteris
1164 1049 1353 1099 sentiat,
1380 1060 1462 1090 uec
1492 1050 1554 1090 sc't
1582 1047 1678 1090 sibi

249 1129 341 1183 ipse
371 1125 650 1167 contrarius.

360 1202 480 1243 XIX.
542 1205 741 1243 Attamen
770 1216 823 1241 ne
854 1202 1044 1257 perfecte
1077 1201 1250 1258 quidem
1283 1214 1325 1243 et
1354 1202 1480 1258 plene
1498 1202 1669 1243 Patrem

249 1297 273 1322 a
298 1280 414 1335 Filio
446 1279 587 1329 nosci,
625 1277 683 1319 ita
711 1289 759 1318 ut
788 1293 811 1318 a
841 1295 884 1319 se
914 1278 1007 1334 ipso
1038 1280 1228 1320 noscitur
1256 1281 1401 1329 Pater,
1441 1280 1671 1320 minorem-

250 1374 331 1414 que
373 1372 460 1397 esse
508 1355 796 1408 cognitionem
843 1355 946 1396 Filii
987 1373 1114 1412 quam
1157 1357 1315 1407 Patris,
1364 1374 1667 1413 nonnunquam

249 1435 454 1488 Origenes
499 1432 698 1474 asseruit:
742 1449 838 1473 nam
856 1433 898 1488 ⁴²)
936 1433 1221 1491 Hieronymus
1260 1434 1304 1475 in
1344 1434 1466 1490 epist.
1503 1435 1571 1478 59.
1615 1436 1668 1476 ad

339 1631 407 1687 ,¹)
439 1631 541 1672 Luc.
573 1630 606 1680 I,
635 1630 676 1673 2.
854 1631 896 1687 ²)
930 1631 1015 1672 Cfr.
1047 1631 1152 1673 Luc.
1183 1631 1237 1681 X,
1268 1630 1335 1673 22.

361 1701 404 1759 3)
437 1701 524 1744 Cfr.
557 1717 618 1743 ev.
649 1702 801 1742 Joann.
832 1701 949 1751 VHI,
981 1700 1048 1746 38.

360 1771 403 1829 ⁴)
435 1772 531 1813 Hoc
561 1772 660 1812 loco
690 1788 777 1812 non
807 1771 890 1812 suis
920 1770 1010 1828 ipse
1050 1770 1189 1812 verbis
1226 1771 1418 1826 loquitur
1447 1771 1666 1826 Origenes,

246 1845 319 1886 sed
349 1844 481 1884 alium
511 1842 676 1883 inducit
706 1843 974 1898 loquentem,
1019 1841 1134 1900 cujus
1165 1841 1414 1883 sententiam
1442 1843 1563 1883 nulla
1593 1859 1666 1898 ap-

244 1913 509 1969 probationis
538 1913 842 1965 significatione
875 1913 1115 1954 confirmat:
1146 1922 1194 1952 ut
1225 1912 1400 1967 quisque
1424 1912 1665 1968 perspicere

246 1995 389 2039 potest
420 1999 465 2023 ex
496 1983 591 2038 ipso
622 1984 881 2033 testimonio,
914 1984 1030 2039 quod
1060 1998 1203 2035 graece
1236 1982 1455 2022 exhibetur
1483 1983 1557 2025 lib.
1588 1984 1663 2025 IV.

247 2055 300 2094 de
330 2053 515 2108 Princip.
547 2069 661 2095 num.
692 2054 760 2098 35.
819 2056 961 2109 Atque
1001 2052 1163 2093 etiamsi
1203 2052 1286 2092 hoc
1315 2053 1413 2092 loco
1445 2069 1531 2093 non
1563 2053 1665 2094 alie-

245 2142 343 2166 nam
377 2124 646 2173 sententiam,
691 2125 765 2164 sed
817 2140 935 2164 suam
982 2134 1267 2178 proponeret,
1309 2122 1423 2163 illius
1464 2125 1661 2179 profecto

246 2196 372 2235 verba
404 2194 555 2234 eodeni
586 2211 708 2234 sensu
740 2194 983 2249 accipienda
1015 2205 1172 2247 essent,
1215 2209 1298 2248 quo
1329 2192 1406 2234 ista
1434 2193 1583 2236 Basilii
1615 2213 1663 2237 ex

245 2267 318 2307 lib.
350 2266 419 2306 lV.
450 2266 645 2305 adversus
673 2264 956 2305 Eunomium:
986 2267 1045 2306 Ei
1065 2262 1278 2317 ἀληθινὸς
1297 2262 1416 2315 θεὸς,
1447 2269 1525 2307 καὶ
1545 2269 1659 2324 φῶς,

245 2340 321 2381 καὶ
353 2332 581 2395 ἄτρεπτος,
615 2337 691 2377 καὶ
720 2334 908 2391 ἀγαθὸς,
942 2338 1017 2377 καὶ
1037 2333 1182 2388 ἅγιος,
1217 2336 1294 2376 καὶ
1313 2332 1464 2390 κύριος
1494 2333 1516 2379 ὁ
1549 2335 1658 2386 υἱός.

251 2412 404 2452 Ταῦτα
446 2410 495 2451 δὲ
537 2410 612 2449 καὶ
652 2405 674 2449 ὁ
716 2404 862 2463 πατὴρ
904 2402 988 2455 ὧν,
1029 2404 1110 2460 οὐχ
1150 2403 1317 2460 ὁμοίως
1358 2407 1500 2456 ἐστὶν,
1544 2406 1657 2449 ἀλλὰ

244 2476 481 2539 μειζόνως·
515 2477 595 2520 οὐκ
627 2476 781 2525 οὐσίας
822 2475 1042 2535 ὑπεροχῇ,
1086 2473 1198 2518 ἀλλὰ
1241 2475 1475 2530 ποιότητος
1513 2474 1658 2534 ὑπερ-

244 2553 365 2610 βολῇ.
424 2550 479 2590 Et
508 2550 613 2588 hane
645 2564 730 2587 esse
761 2559 946 2587 mentem
986 2547 1202 2600 Origenis,
1239 2547 1489 2599 intelligitur
1529 2549 1658 2590 exiis

245 2622 395 2673 verbis,
426 2637 531 2676 quae
561 2620 819 2676 praecedunt
848 2619 960 2675 apud
991 2619 1318 2677 Hieronymum,
1349 2619 1423 2659 ubi
1454 2619 1658 2672 Origenes

243 2710 319 2734 suo
350 2692 520 2733 nomine
555 2689 754 2745 loquitur,
787 2707 832 2730 ac
863 2690 1008 2731 statuit
1037 2707 1121 2730 non
1154 2707 1241 2731 esse
1272 2689 1461 2739 dubium,
1493 2690 1593 2746 quin
1622 2690 1658 2731 si

243 2765 368 2805 Pater
396 2763 449 2803 sit
480 2762 520 2803 in
551 2762 688 2812 Filio,
721 2775 760 2803 et
793 2761 1175 2817 comprehendatur
1204 2762 1253 2801 ab
1287 2752 1361 2812 eo,
1391 2762 1434 2801 in
1465 2777 1549 2816 quo
1582 2772 1654 2802 est.

245 2835 298 2877 Se·
323 2837 440 2876 enim
480 2834 671 2876 [ἀει-ειη
713 2840 942 2889 cognosce
982 2831 1145 2884 filius,
1186 2832 1344 2888 inquit,
1388 2824 1565 2875 videtur
1606 2833 1653 2873 ιἰι
