1759 3125
271 137 355 182 416
781 139 1014 189 Excunsus
1054 144 1166 190 vul.

269 251 370 295 Deo
400 260 485 309 est,
530 266 618 296 non
648 261 823 311 poteris
859 259 1098 322 dz‘ssolqere
1135 260 1271 305 illud.-
1310 276 1555 317 argumento
1597 280 1683 308 esse

272 341 434 372 ceteros
475 332 669 387 quidem,
714 336 786 391 qui
825 338 935 378 hunc
973 338 1145 379 titulum
1185 340 1264 380 sibi
1301 355 1568 395 ari-ognrunt‚
1605 360 1683 384 nec

269 406 381 448 filios
411 409 509 458 Dei,
540 425 616 450 nec
646 413 857 467 potentias
888 414 1038 467 fuisse3
1066 416 1212 458 Jesum
1235 430 1374 460 autem
1395 433 1498 462 vere
1514 420 1684 463 Filium

267 484 574 537 Dez'filz'sse.“
633 489 792 543 „Quod
823 504 963 532 autem
995 506 1156 548 spectat
1195 496 1246 535 ad
1287 496 1601 552 perpessiones,
1643 509 1685 537 et

266 563 472 605 humilem
501 565 623 606 illum
657 568 762 609 vitae
792 582 967 620 statum,
1008 588 1131 627 quem
1164 573 1259 613 Deo
1298 573 1515 625 indignum
1547 573 1685 614 existi-

265 653 354 681 mat
384 643 592 694 Judaeus,
629 661 715 685 non
757 646 880 687 aliam
920 648 1092 688 adhibet
1124 649 1327 701 Origenes
1356 650 1459 690 nodi
1490 650 1684 691 solvendi

265 718 488 770 rationem,
520 738 645 777 quam
676 739 779 778 quae
813 740 859 764 ex
891 725 1050 767 duabus
1084 727 1240 768 Christi
1270 728 1427 768 naturis
1458 727 1665 783 repetitur

262 797 556 852 perpessiones
587 803 639 840 ad
671 817 824 857 corpus
857 813 898 842 et
926 803 1107 844 animam
1138 806 1292 855 refert,
1320 806 1476 845 fatetur
1504 804 1547 844 in
1579 803 1685 843 divi-

262 873 438 915 nitatem
468 891 554 915 non
586 878 749 923 cadere.
807 879 880 921 Sic
909 896 1024 923 num.
1057 880 1122 924 66.
1169 881 1385 938 quaerenti
1423 899 1501 937 per
1539 880 1684 937 jocum

263 952 449 1002 Judaeo,
484 970 559 994 cur
597 953 786 997 Christus
832 957 875 998 in
916 959 1153 1016 Aegyptum
1190 960 1365 1012 fugerit,
1406 959 1501 999 cu'm
1539 959 1682 998 Deum

261 1041 445 1071 mortem
476 1031 625 1073 timere
655 1049 742 1074 non
783 1036 942 1088 deceat,
973 1037 1033 1077 sic
1063 1039 1315 1093 respondet:
1350 1035 1506 1095 (Ημεΐς
1548 1034 1680 1078 δἀὐ-

261 1111 324 1164 τῴ
356 1106 642 1159 πιστεύοντες
671 1114 732 1168 τῷ
762 1111 921 1168 Ἰησοῦ,
955 1118 1057 1171 περὶ
1086 1117 1176 1171 μὲν
1215 1118 1289 1170 τῆς
1334 1116 1383 1158 ἒν
1415 1114 1534 1169 αὐτῷ
1566 1111 1678 1157 θεό-

261 1201 389 1240 τητος
425 1190 661 1243 λέγοντος·
711 1189 894 1246 ,,ἒγώι)
937 1195 1029 1248 εἶμι
1060 1191 1084 1246 ἡ
1119 1190 1247 1247 ὁδὸς,
1288 1195 1365 1236 καὶ
1405 1190 1427 1246 ἦ
1471 1188 1676 1245 ἀλήθεια,

549 1267 577 1288 “
616 1269 692 1308 καὶ
733 1271 776 1310 εἴ
810 1285 849 1310 τι
888 1267 1061 1318 τούτοις
1096 1268 1446 1326 παραπλήσιον·
1485 1270 1589 1323 περὶ
1626 1268 1678 1311 δὲ

260 1265 338 1305 καὶ
368 1262 392 1317 ἦ
426 1262 532 1317 ζωή’

258 1343 355 1395 τοῦ,
388 1339 456 1384 ὅτι
495 1341 546 1385 ἒν
584 1341 863 1401 ἀνθρωπίνῳ
904 1344 1078 1403 σώματι
1118 1340 1196 1403 ἦν,
1238 1351 1377 1392 ταῦτα
1419 1344 1674 1403 φάσκοντι·

257 1422 378 1474 ,,νῦν
395 1419 438 1476 2)
471 1420 521 1464 δὲ
557 1422 718 1474 ζητεῖτέ
743 1439 802 1477 με
834 1422 1111 1474 ἀποκτεῖναι,
1144 1420 1412 1482 ἄνθρωπον,
1445 1422 1564 1472 ὅστις
1595 1422 1677 1477 τὴν

258 1495 479 1552 ἀλήθειαν
509 1498 560 1541 ἐν
590 1496 701 1554 ὑμῖν
739 1500 1026 1555 λελάληκα·ις
1069 1501 1293 1547 σύνθετόν
1323 1520 1362 1546 τι
1385 1500 1545 1559 χρῆμά
1576 1518 1673 1558 ‹pa-

254 1594 344 1636 μεν
375 1577 515 1621 αὐτὸν
535 1582 790 1634 γεγονέναι..
840 1579 1011 1620 Nemini
1028 1581 1255 1621 molestum
1276 1596 1363 1621 esse
1386 1580 1525 1629 debet,
1555 1579 1672 1635 quod

252 1657 399 1697 Jesum
441 1672 489 1697 ex
526 1656 623 1697 Deo
668 1668 710 1697 et
738 1656 909 1698 homine
952 1658 1236 1714 compositum
1277 1650 1409 1711 dicat3
1447 1673 1544 1697 nam
1581 1656 1672 1711 ipse

254 1735 358 1785 hanc
389 1735 595 1792 loquendi
625 1735 847 1786 rationem,
877 1748 924 1777 ut
952 1736 1090 1776 minus
1120 1747 1379 1785 accuratam,
1425 1735 1528 1776 lenit
1556 1751 1670 1776 num.

254 1814 334 1864 GO„
365 1814 439 1854 ubi
469 1816 528 1854 sic
558 1813 615 1854 ait
645 1814 697 1854 de
728 1813 869 1866 magis,
901 1813 972 1870 qui
1003 1815 1150 1854 Jesum
1181 1814 1483 1854 adoraverunt:
1525 1803 1670 1854 ἴΗκον

256 1886 338 1935 οὖν
370 1893 444 1935 ἐπὶ
475 1890 557 1945 τὴν
582 1891 811 1934 Ἰουδαίαν
824 1923 924 1935 .....
936 1904 946 1915 ·
981 1892 1297 1949 φέροντεςμὲν
1318 1892 1454 1947 δῶρα,
1487 1886 1669 1933 ἔτ’-ἴνα

255 1968 396 2019 οἶῖτως
425 1967 936 2027 ὀνομάσων-συνθέτου
966 1972 1055 2012 τινὶ
1085 1970 1134 2012 ἐκ
1163 1972 1274 2013 θεοῦ
1309 1972 1385 2012 καὶ
1416 1965 1666 2025 ἀνθρώπου

252 2050 422 2102 θνητοῦ
456 2045 791 2104 προσήνεγκαν,
825 2045 1033 2103 σύμβολα
1061 2048 1161 2102 μὲν,
1194 2044 1251 2095 ὠς
1265 2049 1444 2102 βασιλεῖ
1459 2044 1667 2102 τὸνχρυ-

253 2125 350 2180 σὸν,
384 2123 442 2174 ὠς
472 2126 525 2169 δὲ
552 2129 867 2181 τεθνηξομένῳ
904 2123 986 2180 τὴν
1017 2123 1250 2181 σμύρναν,
1293 2122 1351 2173 ὠς
1381 2126 1429 2167 δὲ
1460 2125 1553 2179 θεῷ
1585 2121 1666 2166 τὸν

248 2202 514 2260 λιβανωτόν.
574 2202 637 2243 Ex
667 2201 817 2257 quibus
847 2213 988 2258 patet,
1036 2202 1262 2254 Origenem
1302 2217 1387 2241 non
1417 2201 1576 2241 idcirco
1608 2200 1668 2241 sic

248 2284 457 2331 locutum,
489 2281 604 2336 quod
633 2279 779 2320 Jesum
815 2295 912 2319 vere
950 2295 998 2319 ex
1027 2279 1123 2319 Deo
1168 2289 1209 2319 ct
1243 2279 1416 2319 homine
1452 2278 1666 2334 composi--

249 2374 340 2402 tum
373 2359 638 2407 existimaret,
668 2358 741 2398 sed
770 2368 818 2396 ut
846 2356 1117 2397 arctissimam
1150 2356 1329 2412 duplicis
1359 2368 1531 2396 naturae
1563 2373 1665 2397 con-

247 2438 510 2498 junctionem
539 2435 677 2492 aptius
709 2434 975 2491 exprimeret.
1043 2433 1251 2475 Similiter
1288 2433 1344 2474 ait
1374 2433 1532 2474 ibidem
1565 2450 1662 2475 eum

249 2516 466 2566 occultare
497 2517 540 2557 τὶ
570 2511 802 2570 θειότερον
831 2515 880 2556 ἒν
899 2515 959 2570 τῷ
981 2515 1245 2568 βλεπομένῳ
1267 2509 1514 2568 ἀνθρώπῳ,
1549 2510 1661 2569 ὅπερ

244 2587 304 2649 ἦν
333 2597 494 2649 κυρίως
524 2592 620 2639 υἱὸς
649 2594 773 2642 θεοῦ,
804 2590 909 2640 θεὸς
938 2589 1087 2648 λόγος,
1119 2594 1194 2633 καὶ
1227 2588 1419 2645 δύναμις
1448 2593 1523 2632 καὶ
1547 2592 1659 2633 θεοῦ

245 2676 404 2729 σοφία.
465 2670 626 2710 Eadem
668 2669 849 2726 duplicis
887 2681 1056 2711 naturae
1095 2668 1364 2710 distinctione
1398 2667 1532 2708 utitur
1560 2667 1660 2709 Ori-

247 2766 370 2802 genes
390 2747 584 2804 pluribus
603 2746 693 2788 aliis
720 2747 840 2798 locis,
869 2746 955 2788 sive
985 2765 1080 2789 cum
1101 2747 1285 2788 Judaeus
1317 2747 1388 2787 lib.
1408 2746 1464 2787 Π.
1495 2729 1595 2786 num
1615 2745 1654 2788 9.

364 2903 403 2960 ¹)
435 2904 511 2945 Ev.
543 2903 694 2946 Joann.
723 2903 839 2955 XIV,
868 2902 906 2946 6.
983 2902 1026 2959 ²)
1057 2903 1142 2946 Cfr.
1178 2920 1239 2945 ev.
1270 2903 1420 2944 Joann.
1451 2899 1652 2951 Vlll‚4G.
