1759 3125
699 93 937 138 Excunsns
965 93 999 135 Ι.
1472 91 1558 137 375

135 211 319 262 dicatur,
367 209 482 266 quod
513 208 565 248 de
596 206 837 263 Sapientia,
885 221 992 262 quae
1032 205 1202 248 condita
1219 205 1259 261 ¹)
1292 216 1353 246 est
1382 204 1551 246 initium

131 288 291 328 viarum
321 285 514 326 Domini.
571 285 668 325 Jam
698 283 880 325 similem
911 285 964 324 de
986 283 1151 340 Spiritu
1179 293 1323 324 saneto
1356 282 1550 322 observa-

129 364 290 405 tionem
321 362 515 414 Origenis
545 361 747 418 apposui,
776 361 823 402 in
853 378 955 417 qua,
986 372 1210 418 postquam
1240 376 1368 400 unam
1397 358 1441 398 in
1471 359 1551 399 Pa-

128 452 190 481 tre
222 451 263 480 et
292 439 408 479 Filio
439 440 703 480 voluntatem
735 455 822 480 esse
865 438 1070 490 ostendit,
1115 439 1231 480 idem
1281 439 1333 478 de
1383 435 1548 491 Spiritu

125 528 268 557 sancto
312 516 664 557 considerandum
702 517 850 565 docet,
889 532 969 556 nec
1000 516 1183 573 amplius
1214 515 1444 571 quidquam
1474 514 1548 555 ad-

125 593 200 635 dit.
258 594 424 635 Eodem
453 610 626 649 prorsus
657 593 788 634 modo
819 609 862 634 se
894 593 1000 646 gerit
1027 593 1111 634 hoc
1141 593 1184 633 in
1214 593 1328 634 loco.

234 670 547 726 Aequalitatem
585 671 766 726 Spiritus
805 671 937 712 sancti
977 688 1073 712 cum
1113 670 1230 711 Filio
1270 668 1431 721 egregie
1472 669 1545 708 de-

121 760 347 801 monstrat,
388 765 484 789 eum
518 765 615 789 eum
646 765 734 789 esse
763 750 1079 791 substantialem
1109 747 1374 790 sanctitatem
1405 745 1546 785 decla-

120 838 196 867 rat.
253 826 358 882 Ego
397 833 552 868 autem
590 828 825 876 existimo,
867 826 1006 882 inquit
1046 827 1174 868 Tom.
1214 824 1264 866 ΙΙ.
1304 823 1350 864 in
1386 821 1541 863 Joann.

118 921 233 945 num.
265 904 316 954 6.,
373 904 599 959 Spiritum
625 911 859 954 sanctum,
889 911 942 946 ut
971 906 1043 946 ita
1072 901 1250 953 dicam,
1291 902 1543 943 materiam

114 983 413 1037 gratiarum,
458 994 573 1036 quae
604 994 634 1022 a
675 981 774 1023 Deo
814 981 1195 1037 proficiscuntur,
1242 976 1540 1034 suppeditare

114 1060 186 1109 iis,
221 1061 299 1114 qui
319 1071 407 1114 per
435 1071 537 1100 eum
567 1059 748 1114 ejusque
773 1060 1187 1114 participationem
1215 1057 1375 1098 sancti
1407 1061 1539 1096 sunt.-

114 1138 185 1178 z‘ta
214 1143 268 1177 ut
297 1148 366 1185 ea,
400 1148 535 1191 quam
565 1133 679 1185 dico,
709 1138 914 1177 materia
940 1137 1218 1192 gratiarum
1242 1141 1288 1175 et
1313 1130 1538 1174 donorum

111 1228 143 1257 a
171 1213 319 1255 Patre
350 1219 571 1269 operante
586 1212 702 1268 fiat,
735 1227 764 1254 a
793 1213 912 1256 Filio
943 1214 1249 1264 ministretur,
1273 1223 1362 1267 per
1390 1208 1536 1265 Spiri-

112 1297 211 1333 tum
240 1297 454 1332 sanctum
483 1288 717 1332 subsistat.
774 1294 863 1344 Τῆς
885 1293 1132 1348 εἰρημένης,
1164 1288 1303 1346 inquit
1320 1289 1533 1328 ed.n0str.

111 1369 238 1408 Tom.
270 1368 304 1408 I.
335 1383 429 1422 pag.
462 1367 571 1417 110„
603 1365 708 1422 ὕλης
736 1371 825 1411 τῶν
848 1365 1173 1425 χαρισμάτων,
1206 1368 1534 1424 ἐνεργουμένης

109 1446 198 1504 μὲν
227 1443 318 1487 ἀπὸ
356 1447 435 1487 τοῦ
465 1447 592 1499 θεοῦ,
628 1446 985 1501 διακονουμένης
1014 1445 1066 1488 δὲ
1094 1442 1183 1487 ὑπὸ
1215 1445 1293 1486 τοῦ
1314 1443 1532 1498 Χριστοῦ,

108 1521 372 1580 ὑφεστώσης
403 1523 451 1565 δὲ
483 1521 596 1565 κατὰ
630 1521 679 1565 τὸ
712 1521 848 1579 ἅγιον
877 1526 1076 1575 πνεῦμα.
1152 1520 1530 1576 Quemadmodum

107 1616 206 1653 ergo
237 1599 374 1640 Filius
405 1611 467 1640 est
497 1599 591 1640 idea
622 1600 833 1649 idearum,
864 1616 911 1641 ac
941 1600 1033 1656 ipsa
1062 1599 1250 1649 Veritas,
1281 1609 1323 1638 et
1352 1596 1529 1653 Sapien-

106 1678 177 1727 tia,
208 1694 289 1733 qua
320 1677 461 1717 omnia
492 1677 779 1729 continentur3
817 1677 875 1718 ita
913 1676 1096 1733 Spiritus
1134 1686 1300 1717 sanctus
1339 1686 1403 1715 est
1430 1674 1529 1714 sub-

105 1755 306 1796 stantialis
335 1755 544 1805 sanctium,
575 1772 656 1810 qua
689 1755 830 1796 omnia
850 1756 960 1795 dona
988 1754 1270 1802 continentur,
1299 1768 1378 1808 per
1398 1767 1525 1807 quem

106 1848 252 1873 omnes
279 1831 435 1884 gratiae
466 1832 718 1883 subsistunt,
757 1844 798 1872 et
826 1832 1187 1889 quemadmodum
1218 1845 1267 1870 ex
1297 1845 1374 1879 eo,
1405 1828 1523 1883 quod

106 1909 294 1951 Christus
331 1909 386 1950 sit
432 1909 522 1965 ipsa
567 1910 736 1962 veritas,
788 1909 874 1966 ejus
922 1908 1214 1950 aeternitatem
1261 1908 1522 1947 demonstrat

104 1987 324 2040 Origenes,
356 1987 453 2043 quia
484 1989 709 2029 absurdum
743 1986 859 2027 dictu
890 1997 1008 2037 esset,
1043 1986 1262 2026 veritatem
1291 1984 1519 2040 aliquando

100 2083 186 2106 non
216 2064 364 2115 fuisse,
403 2081 530 2105 nemo
561 2082 649 2106 non
679 2065 817 2116 videt,
854 2065 970 2106 idem
1001 2066 1053 2105 de
1085 2063 1251 2120 Spiritu
1280 2073 1423 2104 sancto
1456 2060 1519 2102 di·-

101 2143 281 2184 cendum
313 2158 412 2184 esse.

211 2221 286 2261 IX.
346 2220 590 2275 Aequalitas
629 2220 813 2275 Spiritus
851 2220 984 2261 sancti
1024 2237 1119 2262 cum
1159 2220 1284 2260 Patre
1328 2229 1370 2258 et
1399 2216 1513 2256 Filio

101 2316 147 2338 ex
178 2297 240 2338 his
272 2297 449 2337 maxime
481 2298 739 2347 declaratur,
785 2314 890 2354 quae
929 2298 981 2338 de
1018 2295 1276 2338 sanctissima
1306 2293 1515 2335 Trinitate

100 2375 302 2416 disserere
324 2375 433 2415 solet
450 2374 667 2429 Origenes,
694 2375 813 2416 velut
834 2392 930 2416 cum
952 2375 1009 2415 ait
1028 2375 1153 2414 Tom.
1172 2373 1267 2414 ΧΠ.
1295 2372 1338 2412 in
1360 2372 1512 2412 Matth.

96 2470 211 2494 num.
237 2452 320 2501 20„
353 2451 562 2493 Christum
592 2452 657 2505 iis,
688 2470 795 2509 quos
825 2453 991 2506 liberat,
1020 2454 1102 2493 hoc
1125 2449 1382 2492 beneficium
1413 2465 1514 2490 con-

97 2532 231 2581 ferre,
268 2541 316 2570 ut
352 2529 620 2585 baptizentur
649 2535 710 2580 εἷς
726 2534 768 2588 ²)
809 2527 958 2584 ὄνομα
986 2533 1063 2574 τοῦ
1093 2528 1284 2586 πατρὸς,
1326 2530 1402 2571 καὶ
1431 2530 1511 2571 τοῦ

98 2611 220 2663 υἱοῦ,
266 2610 342 2650 καὶ
373 2610 450 2650 τοῦ
482 2605 618 2664 ἁγίου
647 2607 928 2665 πνεύματος,
960 2606 1076 2668 ἅπερ
1106 2613 1222 2670 τρεῖς
1250 2606 1414 2665 ἡμέραι
1443 2609 1510 2652 εἷ-

218 2764 256 2819 1)
291 2763 378 2804 Csr.
412 2764 537 2804 prov.
572 2762 684 2812 vm,
715 2763 786 2808 22.

219 2833 261 2888 ²)
294 2832 379 2875 Csr.
412 2833 476 2874 cd.
509 2844 638 2875 nostr.
670 2834 794 2876 Tom.
827 2832 897 2875 ΙΙΙ.
930 2849 1021 2889 pag.
1055 2832 1146 2878 166.
