1759 3125
636 103 873 145 Excunsus
910 102 943 144 1.
1447 104 1531 148 357

107 231 269 261 tentem
310 218 352 258 in
390 215 558 272 proelio
600 231 648 257 ex
678 215 834 257 Psalm.
863 213 1025 257 XXIV.
1059 212 1277 254 concludit
1306 213 1380 255 lib.
1410 215 1528 256 VIII.

107 309 253 338 contra
279 295 450 337 Celsum
478 309 594 334 num.
629 293 682 342 1.,
714 304 756 333 et
785 292 910 333 Tom.
932 291 1045 332 XVI.
1078 291 1120 331 in
1142 290 1292 332 Matth.
1323 307 1439 332 num.
1459 291 1524 333 19.

105 372 261 416 Christi
291 369 557 412 divinitatem
595 370 752 426 probat
789 368 986 409 adversus
1016 367 1202 408 Judaeos
1233 366 1306 408 lib.
1339 367 1392 408 II.
1425 383 1524 408 con-

102 461 164 490 tra
196 448 307 489 Cels.
337 463 453 487 num.
484 445 551 490 48.
593 463 641 488 ex
679 445 915 494 miraculis,
959 459 1066 500 quae
1104 444 1202 484 Deo
1246 443 1440 484 veniente
1480 444 1524 484 in

99 537 229 566 terras
269 523 431 565 editum
469 523 521 564 iri
560 523 717 565 Jesaias
738 523 775 578 ¹)
805 520 1035 578 praedixit,
1077 522 1197 562 Jesus
1231 532 1370 562 autem
1402 537 1523 561 accu-

96 613 184 643 rate
223 599 483 656 adimplevit.
560 599 774 649 Christus,
819 610 866 639 ut
916 600 1110 639 observat
1149 597 1354 650 Origenes
1394 598 1520 640 Tom.

95 679 195 721 XII.
236 678 280 719 in
308 677 460 720 Matth.
491 693 605 718 num.
637 676 701 726 9.,
742 675 848 717 dicit
887 676 999 731 apud
1029 674 1283 717 Jeremiam:
1323 675 1518 730 „Vivo²)

95 761 235 809 eg0:“
282 766 324 796 et
358 771 548 796 rursum:
591 753 1012 809 ‚‚Dereliquerunt³)
1057 769 1127 793 me
1174 753 1339 794 fontem
1388 767 1519 807 aquae

94 834 256 875 vivae.“
313 832 369 873 Et
397 832 511 887 apud
541 828 794 872 Malachiam
826 830 951 872 Tom.
984 830 1016 871 I.
1050 829 1093 870 in
1123 830 1276 872 Joann.
1305 845 1419 869 num.
1449 827 1517 872 31.

95 910 229 965 „Si⁴)
260 908 474 950 Dominus
505 923 582 960 ego
612 923 719 959 sum,
749 906 824 947 ubi
855 919 917 948 est
946 907 1077 948 timor
1106 906 1290 949 meus?“

207 987 294 1029 Sed
338 985 422 1043 jam
458 984 584 1026 nobis
616 983 810 1036 Origenis
856 984 1073 1025 doctrinae
1110 984 1235 1042 adyta
1274 995 1421 1039 aperto
1453 982 1516 1023 in-

92 1064 226 1106 troitu
255 1063 539 1120 penetranda,
570 1072 611 1102 et
642 1060 743 1116 quid
775 1061 826 1102 de
859 1061 1049 1111 Christo,
1091 1072 1294 1117 quatenus
1328 1061 1514 1100 Verbum

92 1141 175 1183 Dei
206 1152 289 1190 est,
320 1139 424 1196 quid
453 1140 506 1180 de
537 1137 625 1196 ejus
656 1139 928 1190 aeternitate,
961 1139 1217 1196 aequalitate
1248 1154 1343 1178 cum
1373 1136 1514 1186 Patre,

90 1231 133 1261 et
160 1216 414 1260 substantiae
444 1216 490 1257 in
518 1227 700 1271 utroque
730 1215 891 1257 unitate
921 1215 1110 1265 senserit,
1130 1214 1474 1265 edisserendum.

199 1297 281 1337 III.
341 1295 410 1337 Ad
440 1310 513 1335 eos
541 1293 710 1349 penitus
742 1294 1015 1344 refellendos,
1047 1292 1120 1349 qui
1146 1291 1374 1345 Origenem
1393 1290 1513 1332 Aria-

87 1372 151 1414 nis
179 1372 372 1421 tradunt,
414 1371 483 1411 vel
519 1370 602 1410 hoc
641 1387 773 1410 unum
804 1370 900 1411 satis
932 1386 1019 1411 esse
1048 1381 1214 1426 potest,
1244 1369 1360 1425 quod
1392 1367 1513 1409 Chri-

87 1462 198 1492 stum
229 1447 590 1502 germanissimum
621 1446 757 1488 Patris
796 1448 984 1488 Verbum
1024 1463 1112 1488 esse
1152 1446 1291 1497 duxit,
1327 1463 1428 1497 nec,
1462 1456 1511 1486 ut

86 1527 178 1578 isti,
217 1526 372 1582 duplex
403 1526 591 1565 Verbum
632 1523 840 1574 distinxit,
881 1524 1062 1566 alterum
1100 1536 1341 1574 aeternum,
1379 1540 1457 1565 nec
1487 1539 1511 1563 a

83 1605 210 1646 Patre
242 1602 508 1654 distinctum,
551 1601 729 1642 alterum
769 1603 820 1642 ab
859 1601 940 1643 isto
982 1614 1183 1645 creatum.
1251 1601 1370 1643 Nihil
1410 1616 1509 1641 sane

84 1680 265 1722 invisum
294 1678 424 1731 magis
456 1690 498 1719 et
528 1679 781 1720 detestatum
815 1677 976 1719 Arianis
1004 1678 1099 1729 fuit,
1128 1678 1237 1720 nihil
1258 1678 1388 1732 magis
1418 1680 1509 1734 pal-

83 1774 198 1799 mare
229 1774 378 1798 eorum
408 1756 654 1796 adversariis
685 1755 849 1806 visum,
887 1772 1014 1811 quam
1054 1755 1216 1796 Filium
1254 1755 1507 1813 ipsissimam

83 1835 219 1877 Patris
250 1833 524 1889 Sapientiam,
555 1832 813 1889 ipsissimum
842 1834 1033 1873 Verbum
1067 1831 1163 1874 dici.
1231 1834 1370 1874 Nemo
1402 1834 1508 1873 Ver-

82 1914 185 1954 bum
214 1910 300 1952 Dei
331 1921 541 1961 creatum,
583 1922 624 1951 et
668 1927 690 1951 a
728 1909 864 1951 Patris
893 1909 1123 1951 substantia
1152 1909 1338 1950 alienum
1369 1909 1503 1950 existi·

82 2006 199 2031 mans
231 1988 288 2028 ita
318 1987 517 2037 insaniet,
558 1999 605 2028 ut
641 1988 785 2028 Deum
818 2003 915 2027 cum
945 1987 1030 2027 hoc
1071 1987 1240 2037 Verbo,
1280 1985 1412 2028 veluti
1442 2003 1506 2027 se-

84 2085 181 2110 cum
211 2064 403 2106 homines
435 2063 690 2114 deliberant,
722 2063 779 2104 ita
811 2064 1138 2115 deliberantem,
1177 2074 1220 2103 et
1258 2062 1399 2103 omnia
1428 2079 1505 2118 per

80 2145 190 2187 illud
229 2144 419 2185 Verbum
469 2153 678 2182 creantem
730 2152 771 2182 et
816 2143 1116 2195 gubernantem
1153 2139 1338 2180 inducat.
1406 2141 1503 2180 Non

79 2221 285 2264 formidat
313 2219 516 2272 Origenes
554 2217 660 2259 hanc
698 2218 830 2259 divini
868 2216 999 2259 Verbi
1044 2234 1140 2258 cum
1170 2217 1353 2258 humano
1388 2233 1503 2256 com-

79 2299 358 2357 parationem.
418 2297 514 2337 Hoc
544 2295 655 2337 inter
683 2308 909 2352 utrumque
947 2295 1125 2348 assignat
1155 2293 1379 2335 discrimen
1411 2293 1502 2333 Ho-

81 2379 169 2419 mil.
202 2376 319 2418 XIX.
350 2374 393 2415 in
423 2375 577 2414 Jerem.
608 2390 722 2415 num.
756 2374 810 2423 1.,
841 2372 957 2429 quod
989 2371 1177 2411 divinum
1218 2387 1295 2426 per
1326 2387 1369 2410 se
1399 2372 1498 2411 sub-

80 2457 207 2498 sistat.
270 2449 382 2497 Οὔτε
414 2449 504 2508 γὰρ
537 2449 558 2494 ὁ
590 2448 748 2508 Λόγος
778 2449 932 2500 αὐτοῦ,
963 2449 1112 2505 inquit,
1142 2446 1343 2497 τοιοῦτός
1359 2449 1495 2503 ἔστιν,

81 2532 239 2581 ὁποῖος
269 2528 292 2574 ὀ
323 2526 512 2572 πάντων
548 2524 719 2584 Λόγος.
793 2525 993 2575 Οὐδὲνὸς
1032 2524 1122 2584 γὰρ
1153 2524 1175 2569 ὁ
1207 2522 1365 2582 Λόγος
1395 2528 1495 2580 ζῶν,

198 2699 238 2754 ¹)
271 2698 357 2739 Cfr.
388 2696 515 2738 Jesai.
547 2697 729 2747 XXXV,
759 2695 799 2738 4.
832 2698 871 2740 5.
903 2711 1017 2750 seqq.

199 2770 241 2824 2)
271 2769 430 2809 Jerem.
463 2768 602 2816 XXII,
633 2766 699 2810 24.
821 2767 865 2822 ³)
893 2766 1049 2807 Jerem.
1082 2764 1136 2816 II,
1169 2766 1232 2809 13.

197 2840 240 2894 ⁴)
271 2837 450 2881 Malach.
484 2840 515 2888 I,
546 2836 584 2880 6.
