1759 3125
647 108 882 149 Excunsus
907 108 976 149 lV.
1426 113 1509 158 387

90 223 150 264 lio
184 223 326 264 omnia
356 220 612 275 acceperint.
674 219 761 260 Cfr.
792 218 995 260 Prudent.
1026 220 1174 262 Maran
1207 222 1258 262 (le
1289 223 1506 266 divinitate

89 299 243 343 Christi
275 298 349 339 lib.
382 298 453 338 lV.
487 313 576 352 cap.
611 295 674 339 16.
708 313 822 340 num.
853 296 891 340 2.

552 615 886 673 Excursus
927 615 1030 672 lv.

499 749 616 805 (Cfr.
647 767 739 806 pag.
766 750 861 797 143.
889 762 978 792 not.
1011 751 1082 807 1.)

193 864 329 906 Paulo
370 878 496 918 supra
537 863 648 903 hunc
687 864 831 903 locum
883 863 1024 904 dicere
1069 863 1236 905 videtur
1283 864 1500 917 Origenes,

82 941 244 984 Filium
277 952 318 980 et
348 939 556 996 Spiritum
591 956 738 995 aeque,
771 942 838 981 vel
869 942 982 981 forte
1012 941 1142 994 magis
1173 958 1195 982 a
1224 942 1349 984 Patre
1379 960 1504 1001 supe-

83 1019 178 1068 rari,
211 1034 334 1075 quam
366 1017 447 1072 ipsi
476 1034 540 1058 res
573 1028 730 1057 creatas
761 1029 983 1072 superant:
1016 1029 1058 1058 et
1089 1034 1137 1058 ex
1167 1017 1230 1058 his
1262 1019 1399 1061 verbis
1429 1021 1504 1062 Fi-

79 1098 185 1137 lium
217 1107 259 1136 et
278 1093 486 1151 Spiritum
519 1105 708 1134 sanctum
740 1094 791 1134 ab
812 1093 996 1146 Origene
1025 1093 1082 1134 ita
1113 1110 1209 1134 cum
1237 1097 1362 1137 rebus
1391 1114 1504 1139 crea-

79 1176 132 1218 tis
164 1171 400 1229 comparari
432 1182 553 1226 putat
582 1170 776 1221 Huetius,
808 1182 854 1211 ut
886 1171 1060 1211 omnino
1092 1171 1255 1212 aPatre
1274 1173 1504 1215 dissocien-

78 1266 158 1295 tur.
221 1252 307 1293 Sed
337 1262 477 1290 tamen
516 1248 551 1288 si
589 1248 706 1288 locus
737 1248 832 1297 ille,
876 1259 923 1288 ut
951 1264 1028 1304 par
1058 1261 1138 1297 est,
1179 1250 1339 1301 legatur
1369 1263 1411 1292 et
1440 1253 1503 1293 in-

78 1331 314 1383 telligatur,
353 1342 440 1366 non
478 1324 684 1366 insincera
716 1336 756 1364 et
785 1340 934 1379 parum
967 1326 1202 1365 orthodoxa
1235 1329 1502 1370 excusatione

80 1425 188 1465 opus
220 1405 312 1455 erit,
343 1404 418 1444 sed
448 1401 658 1458 aequabili
686 1400 862 1458 judicio.
923 1401 994 1443 Sic
1023 1402 1151 1454 igitur
1181 1403 1374 1458 loquitur
1405 1406 1503 1448 Ori-

76 1501 223 1541 genes:
262 1478 598 1536 Πειῦὁμενοιι)
638 1481 698 1534 τῷ
739 1481 903 1534 σωτῆρι
941 1481 1143 1534 λέγοντι·
1184 1478 1243 1534 ,,ὁ
1261 1480 1303 1537 ²)
1335 1482 1496 1543 πατὴρ,

77 1563 105 1609 ὅ
142 1565 330 1619 πέμψας
368 1573 451 1615 με,
493 1560 659 1612 μείζων
698 1553 790 1613 μού
833 1557 990 1599 ἔσηκε

77 1637 309 1698 ἔνεγχὸγη
338 1636 454 1693 μηδὲ
485 1632 566 1688 τὴν
596 1630 912 1690 ,,ἆγαθὸς“3)
935 1640 1266 1693 προσηγορίαν,
1302 1635 1384 1691 τὴν
1413 1654 1497 1681 κυ-

76 1724 195 1779 ρίαν,
225 1718 301 1759 καὶ
332 1713 493 1767 ἀληθῆ,
526 1715 602 1754 καὶ
633 1713 808 1755 τελείαν
837 1711 1186 1769 παραδέξασθαι
1214 1712 1336 1771 αὐτῷ
1355 1732 1498 1774 προς-

1032 1560 1110 1600 καὶ
1147 1556 1222 1600 δαὶ
1264 1561 1393 1603 τοῦτο
1433 1562 1496 1617 μὴ

76 1798 352 1857 φερομένην,
381 1788 498 1834 ἀλλὰ
526 1788 810 1846 ἀναφέροντι
841 1787 982 1842 αὐτὴν
1003 1788 1276 1845 εὐχαρίστως
1306 1794 1368 1848 τῷ
1401 1811 1496 1836 πει--

74 1878 147 1933 ἳρὶ
175 1870 266 1929 μεθ
312 1863 761 1923 ἒπῑῒίμῆσδως·7ἴρὸς
798 1863 880 1908 τὸν
917 1863 1200 1922 βουλόμενον
1239 1865 1497 1926 ὑπερδοξά-

77 1958 166 2005 ζειν
194 1948 277 1993 τεν
307 1945 432 1997 υἱὸν,
470 1941 659 1988 πάντων
688 1944 776 1998 μὲν
802 1944 892 1986 τῶν
922 1947 1124 1999 γενητῶν
1153 1941 1410 2002 ὑπερέχειν,
1444 1947 1496 1991 οὐ

76 2031 325 2088 συγκρίσει,
359 2023 450 2067 ἀλλ’
483 2019 826 2081 ὑπερβαλλούσῃ
865 2018 1063 2081 ὑπεροχῇ
1105 2038 1262 2078 φαμεν
1290 2021 1370 2066 τὸν
1401 2039 1494 2068 σω..

75 2111 200 2168 τῆρα,
231 2107 307 2149 καὶ
332 2099 386 2144 ’τὸ
415 2101 602 2155 πνεῦμα
632 2096 680 2142 τὸ
714 2095 871 2156 ἅγιον,
909 2096 1250 2155 ὑπερεχόμενον
1278 2103 1498 2146 τοσοῦτον

74 2184 101 2242 ἢ
133 2187 210 2228 καὶ
238 2184 380 2225 πλέον
411 2175 503 2221 ἀπὸ
536 2177 612 2220 τοῦ
633 2173 817 2232 πατρὸς,
850 2175 1096 2232 (legendum
1118 2175 1306 2218 videtur:
1340 2178 1391 2222 οὐ
1413 2196 1493 2223 το-

76 2266 240 2309 σοῦτον
268 2251 610 2313 ὑπερεχόμενον
641 2251 732 2296 ἀπὸ
763 2255 843 2297 τοῦ
884 2254 1104 2313 πατρὸς),
1156 2252 1247 2311 ὅσῳ
1288 2254 1493 2313 ὑπερέχει

77 2339 209 2390 αὐτὸς
238 2338 316 2382 καὶ
344 2333 393 2377 τό
426 2331 560 2389 ἅγιον
589 2334 774 2390 πνεῦμα
806 2332 897 2375 τῶν
917 2333 1104 2386 λοιπῶν,
1139 2331 1190 2374 οὐ
1213 2334 1302 2375 τῶν
1324 2332 1491 2390 τυχόν-

74 2436 180 2465 των.
242 2412 376 2457 Addit
407 2410 609 2464 Origenes
648 2408 811 2451 Filium
842 2408 900 2451 ita
929 2400 1105 2464 angelis,
1145 2420 1187 2449 et
1221 2409 1408 2461 thronis,
1451 2424 1492 2454 et

77 2490 438 2540 dominationibus
475 2499 707 2543 praestare,
754 2500 797 2528 ut
842 2486 976 2528 verbis
1018 2486 1192 2543 exprimi
1233 2488 1333 2530 haec
1371 2505 1489 2545 prae-

197 2715 238 2770 ¹)
270 2714 356 2755 Cfr.
389 2714 452 2753 ed.
482 2723 612 2754 nostr.
647 2711 774 2752 Tum.
810 2712 858 2751 ll.
893 2726 982 2765 pag.
1017 2711 1082 2752 45.

194 2785 236 2839 ²)
267 2783 343 2824 Ev.
374 2783 524 2824 Joann.
557 2783 670 2831 le,
704 2781 769 2824 28.
1010 2798 1014 2802 “

193 2854 235 2907 3)
266 2854 399 2894 Marc.
430 2853 484 2901 Χ,
517 2851 579 2895 18.
615 2852 714 2893 coll.
745 2853 844 2893 Luc.
877 2850 1036 2901 XVIII,
1069 2849 1133 2893 19.

1028 2925 1132 2968 25*
