1759 3125
461 136 846 177 Omossmmonum
879 136 1020 176 mez
1050 134 1082 175 I.
1426 131 1479 175 79

64 248 186 295 aliter
214 248 254 288 in
287 247 515 300 Origenem
545 248 772 289 animatum
805 246 929 287 suisse
960 245 1202 293 Heraclam‚
1242 259 1288 283 ac
1335 244 1476 284 deces-

65 340 205 364 sorem
244 323 372 380 ipsius
411 324 691 365 Demetrium.
761 323 956 365 Caussam
996 338 1096 363 vero
1138 337 1211 361 cur
1242 321 1420 361 eundem
1452 336 1475 361 a

64 400 271 457 Dionysio
314 413 601 457 oppugnatum
642 402 832 441 crederet
868 399 1095 447 Baronius,
1121 397 1160 453 ¹)
1198 396 1283 438 sive
1323 413 1371 437 ex
1401 413 1473 437 au-

66 477 272 527 ctoritate,
303 478 389 518 sive
421 495 468 519 ex
500 477 864 519 verisimilitudine
898 475 1072 532 petitam
1112 475 1266 514 addere
1306 473 1474 526 debuit3

64 570 169 609 quae
201 566 312 595 certe
351 556 468 595 nulla
513 566 586 596 est.
655 554 812 595 Merito
854 553 995 608 itaque
1037 551 1142 592 hanc
1182 551 1269 608 ejus
1307 550 1475 606 opinio-

63 647 159 671 nem
199 631 437 687 repudiavit
475 630 774 686 Halloxius‚²)
814 642 854 671 et
894 629 1143 681 Origenem,
1182 628 1321 683 quoad
1359 627 1472 676 vixit,

61 723 329 763 summopere
360 724 383 748 a
413 708 622 767 Dionysio
655 708 934 757 observatum,
966 718 1005 747 et
1023 716 1119 761 post
1141 716 1324 745 mortem
1346 703 1473 744 etiam

61 785 275 825 laudatum
305 785 430 825 fuisse
462 783 700 836 contendit3
732 785 847 839 quod
879 795 919 824 et
948 799 1025 824 nos
1056 782 1164 823 infra
1189 782 1470 823 ostendemus.

171 862 246 903 XI.
319 862 516 903 Ceterum
540 862 581 917 3)
631 860 894 914 sexagenario
944 859 1026 917 jam
1086 858 1220 916 major
1269 858 1472 911 Origenes

62 938 172 979 haud
202 938 365 991 segnius
387 955 524 979 rerum
542 938 778 979 divinarum
799 938 1021 989 satagebat,
1051 952 1186 992 neque
1217 936 1354 976 ullum
1384 936 1472 976 fere

58 1015 361 1057 intermittebat
392 1015 527 1065 diem,
567 1016 668 1071 quin
706 1015 773 1056 vel
813 1016 864 1055 ad
895 1014 1103 1070 populum
1135 1014 1187 1054 de
1217 1014 1313 1054 Deo
1345 1014 1471 1053 verba

60 1093 230 1142 faceret,
262 1093 328 1132 vel
358 1093 572 1143 scriberet,
603 1093 670 1134 vel
699 1094 867 1146 legeret,
899 1092 966 1132 vel
1000 1091 1329 1146 colloqueretur.
1387 1090 1471 1131 Te-

56 1180 137 1209 stes
167 1181 262 1210 sunt
293 1169 409 1210 omni
449 1186 586 1211 sacrae
624 1169 876 1211 eruditionis
914 1169 1031 1220 fruge
1070 1167 1214 1208 referti
1243 1167 1342 1207 libri
1372 1183 1472 1207 con-

57 1256 119 1287 tra
151 1247 343 1298 Celsum,
383 1247 534 1303 quibus
577 1247 779 1304 Epicurei
810 1245 1031 1302 Sophistae
1062 1244 1338 1300 petulantiam
1370 1246 1472 1285 Am-

2 1326 6 1328 *
57 1323 188 1364 brosii
230 1340 352 1365 suasu
402 1325 615 1374 contudit,
645 1349 699 1356 -—
739 1340 930 1380 quosque
969 1323 1188 1363 Gordiano
1233 1322 1470 1378 imperante

57 1400 236 1455 scriptos
276 1401 382 1442 falso
412 1402 683 1457 Marianus&
722 1402 874 1443 Scotus
906 1399 1178 1450 existimavit,
1216 1409 1259 1439 et
1288 1414 1469 1454 quorum

57 1477 392 1518 lucubrationem
432 1479 482 1519 ad
532 1495 685 1519 annum
727 1478 821 1522 237.
872 1493 1094 1533 perperam
1140 1475 1285 1516 retulit
1328 1474 1470 1515 David

55 1553 377 1610 Blondellus,⁵)
417 1571 686 1609 summopere
718 1554 839 1604 licet,
884 1554 926 1594 in
971 1568 1016 1593 re
1060 1551 1306 1608 praesertim
1337 1551 1470 1593 Chro-

55 1631 265 1683 nologica,
294 1644 437 1672 cautus
469 1643 510 1671 et
539 1631 737 1683 diligens;
776 1643 900 1687 atque
938 1631 995 1671 ita
1037 1641 1129 1670 toto
1161 1629 1367 1669 aberravit
1397 1629 1469 1669 de-

59 1708 230 1758 cennio,
262 1708 419 1764 quippe
462 1709 534 1765 qui
573 1709 737 1749 obitum
775 1707 969 1760 Origenis
1009 1722 1119 1747 anno
1148 1705 1242 1749 256.
1273 1705 1469 1758 assignas-

56 1796 119 1825 set
150 1803 222 1827 -ε
252 1796 376 1826 testes
407 1785 523 1826 docti
562 1785 604 1826 in
636 1785 920 1835 Matthaeum,
958 1796 1000 1826 et
1037 1784 1080 1825 in
1109 1783 1342 1839 Prophetas
1370 1783 1468 1825 XII.

60 1861 382 1915 Commentarii;
414 1875 538 1904 testes
568 1862 811 1903 innumerae
842 1863 894 1903 ad
925 1862 1060 1902 varios
1091 1860 1270 1916 scriptae
1309 1859 1466 1915 episto-

57 1939 142 1988 lae,
181 1955 280 1994 quas
311 1941 405 1996 plus
437 1957 561 1996 quam
594 1952 761 1981 centum
791 1941 1070 1994 undecunque
1110 1949 1248 1978 nactas
1287 1937 1470 1989 college-

57 2027 118 2057 rat
147 2028 279 2057 aetate
308 2033 380 2057 sua
414 2017 643 2068 Eusebius,
683 2030 724 2059 ct
765 2017 807 2058 in
838 2016 970 2057 libros
1001 2016 1238 2069 digesserat.
1298 2015 1398 2055 Illas
1423 2015 1466 2071 6)

56 2107 260 2133 annorum
289 2094 415 2135 series
451 2094 692 2136 consumsit.

174 2234 213 2288 ¹)
245 2233 331 2275 Cfr.
363 2238 517 2278 Baron.
548 2236 600 2276 ad
630 2251 721 2275 ann.
754 2233 850 2277 248.
883 2248 996 2273 num.
1031 2233 1070 2274 1.

171 2301 213 2359 ²)
248 2304 336 2344 Cfr.
367 2304 532 2346 Hallox.
552 2305 694 2346 Notat.
726 2305 778 2345 ad
800 2303 916 2356 Orig.
943 2303 1101 2343 defens.
1133 2301 1206 2342 lib.
1225 2302 1256 2342 I.
1291 2301 1462 2358 cap.22.

170 2374 211 2428 3)
246 2374 332 2415 Cfr.
364 2374 516 2414 Euseb.
548 2373 706 2416 Histor.
740 2375 887 2415 eccles.
919 2372 994 2413 lib.
1025 2371 1093 2412 Vl.
1128 2387 1216 2426 cap.
1248 2370 1314 2415 36.

172 2444 212 2498 ⁴)
247 2443 331 2485 Cfr.
363 2445 539 2487 Mai-ian.
570 2445 687 2486 Scot.
719 2445 770 2484 ad
803 2460 895 2484 ann.
929 2441 1079 2484 Christ.
1107 2440 1205 2483 242.

175 2515 214 2568 ⁵)
248 2514 332 2555 Csr.
365 2514 565 2555 Blondcl.
596 2515 636 2554 in
670 2513 990 2555 Illustramentis
1022 2511 1153 2552 famil.
1191 2523 1379 2552 controv.
1413 2512 1463 2552 dc

57 2569 186 2609 Euch.
219 2586 306 2625 cap.
338 2571 375 2612 4.

170 2639 211 2693 ⁶)
242 2640 403 2679 Harum
424 2641 648 2692 fragmenta
676 2641 880 2696 quaedam
898 2637 1134 2679 edidimus
1125 2638 1247 2678 initio
1270 2639 1394 2679 Tomi
1420 2639 1465 2687 I.,

58 2695 336 2750 quasdamque
367 2697 566 2748 integias3
605 2713 651 2736 ac
691 2697 869 2752 pioinde
910 2711 994 2735 non
1028 2711 1172 2734 omncs
1203 2695 1463 2735 intercidere.

59 2752 120 2789 N
101 2767 204 2805 wluc
236 2752 358 2791 etiam
390 2769 533 2793 omnes
567 2753 664 2793 illae
698 2753 915 2808 epistolae,
947 2768 1046 2806 quas
1079 2751 1304 2803 eollegerat
1338 2751 1464 2790 Eusc-

59 2806 163 2854 bius,
194 2807 244 2845 ab
276 2807 455 2872 Origene
487 2810 747 2861 sexagenaiio
778 2824 936 2863 maloxe
967 2807 1144 2861 scriptae
1177 2818 1283 2855 sunt,
1315 2818 1360 2845 ut
1393 2822 1465 2860 ΡἸ-

60 2874 115 2902 {ct
148 2880 195 2902 cx
225 2875 365 2903 nosti-¹1
397 2864 436 2904 in
468 2865 536 2905 has
568 2842 764 2919 Xpistolas
796 2863 1097 2905 ‘iduionilionc
1133 2864 1178 2902 Γι
