1759 3125
466 113 854 155 ORIGENIANORUM
882 112 1024 152 met
1052 111 1107 151 ΙΙ.
1399 111 1481 155 189

73 227 236 277 stantia,
266 225 324 267 sic
353 236 550 280 tanquam
581 224 719 264 lucem
751 224 802 264 de
833 223 945 273 sole,
991 234 1113 277 atque
1152 221 1250 261 ideo
1293 221 1477 277 ejusdem

75 320 162 344 esse
193 319 238 343 ac
263 303 431 342 Patrem
460 301 723 349 substantiae,
755 299 851 355 quia
881 300 950 339 lux
981 298 1168 355 ejusdem
1201 309 1263 338 est
1292 299 1481 338 substan-

74 381 168 429 tiae,
202 378 316 434 cujus
347 379 424 428 sol,
455 378 554 418 licet
582 395 666 417 non
697 377 750 417 sit
781 378 925 416 eadem
956 392 1134 416 numero
1165 375 1409 415 substantia:
1442 386 1483 415 et

71 473 209 497 rursus
240 455 399 496 Filium
431 471 451 494 a
471 455 604 495 Patris
635 452 861 494 substantia
893 464 933 492 et
964 452 1195 500 divinitate,
1225 464 1271 492 ut
1301 452 1357 492 ait
1379 452 1481 506 Epi-

69 531 258 587 phanius,
290 548 544 584 segregasse;
576 531 669 587 quia
699 543 746 571 ut
775 547 796 570 a
826 529 915 570 sole
946 546 1023 584 per
1053 530 1267 569 effluvium
1291 530 1482 584 profecta

73 620 134 649 est
165 609 254 657 lux,
296 620 455 649 secreta
492 610 542 648 ab
585 624 634 647 eo
675 619 716 647 et
745 606 926 662 seposita
958 606 1040 646 dici
1072 616 1233 661 potest:
1265 616 1481 659 praeterea

70 685 196 726 Patre
226 684 474 725 inferiorem
504 701 590 725 esse
620 683 804 734 Filium,
847 683 943 739 quia
981 683 1045 723 sol
1078 683 1171 723 luce
1201 681 1390 721 nobilior
1422 692 1483 720 est

73 773 113 802 et
147 762 344 815 dignitate
375 762 580 817 superior.
643 760 839 800 Creatum
883 761 1006 811 dixit,
1042 761 1108 800 vel
1140 776 1190 799 eo
1222 774 1366 807 sensu,
1398 773 1481 812 quo

72 839 197 880 liberi
241 856 263 880 a
311 839 553 894 parentibus
604 839 818 893 procreari
864 839 1081 888 dicuntur,
1133 847 1181 877 ut
1223 835 1484 886 notavimus3

73 917 143 957 vel
163 917 200 972 ¹)
233 916 330 972 quia
359 915 598 965 materiam,
630 931 651 955 e
685 931 765 970 qua
797 915 998 955 conflatus
1031 927 1092 955 est
1121 914 1326 962 mundus,
1358 928 1482 968 quam

71 1083 362 1125 substantiae
389 1083 501 1137 ejus,
533 1081 702 1124 Filium
734 1095 826 1124 esse
852 1083 1160 1138 progenitum.
1214 1080 1279 1120 Ad
1307 1080 1483 1119 alterum

73 1154 221 1195 Huetii
253 1154 523 1194 corollarium
557 1155 672 1208 quod
703 1154 872 1202 attinet,
914 1167 1068 1207 nempe
1106 1150 1266 1191 Filium
1307 1151 1357 1190 ab
1391 1149 1488 1190 Ori-

74 1241 176 1277 gene
206 1225 331 1265 Patre
361 1223 607 1263 inferiorem
638 1225 775 1274 statui,
806 1224 913 1264 infra
943 1240 1018 1263 suo
1051 1224 1148 1263 loco
1175 1219 1485 1262 evidentissime

76 1296 317 1344 ostendam,
338 1320 386 1326 —-
411 1311 488 1334 nos
519 1310 618 1334 vero
638 1293 717 1350 jam
743 1311 867 1350 supra
895 1293 1154 1334 ostendimus
1172 1309 1284 1332 num.
1307 1292 1402 1332 Vll.
1420 1313 1486 1339 —‚

73 1381 288 1421 nunquam
319 1365 507 1405 statuisse
539 1365 780 1417 Origenem‚
812 1365 926 1404 Patri
957 1364 1117 1404 Filium
1149 1378 1237 1403 esse
1267 1363 1486 1416 imparem,

72 1435 185 1494 juxta
217 1434 450 1484 essentiam,
479 1435 553 1474 sed
574 1445 736 1474 tantum
768 1434 935 1486 originis
966 1445 1174 1489 respectu,
1204 1448 1356 1486 nempe
1389 1447 1488 1485 qua-

73 1517 195 1546 tenus
233 1505 359 1545 Pater
400 1516 461 1545 est
498 1515 644 1544 auctor
684 1516 725 1544 et
762 1504 1019 1559 principium
1058 1502 1173 1542 Filii.
1242 1502 1384 1541 Verbo
1426 1499 1488 1539 di—

74 1592 193 1617 cam:
226 1575 451 1628 Origenes,
481 1574 637 1629 aliique
678 1575 874 1615 catholici
902 1575 1045 1614 Patres
1083 1571 1219 1613 simile
1250 1571 1358 1611 illud
1388 1569 1489 1610 solis

74 1657 117 1686 et
145 1645 264 1694 radii,
295 1644 399 1685 lucis
431 1656 471 1684 et
500 1644 734 1699 splendoris
762 1656 1023 1700 usurpantes,
1052 1643 1152 1683 haec
1174 1653 1334 1681 tantum
1365 1638 1490 1691 signi-

75 1717 201 1757 ficare
232 1714 479 1764 voluerunt,
516 1730 654 1769 neque
693 1715 806 1755 aliud
839 1714 1059 1770 quicquam
1098 1712 1198 1768 ipsis
1229 1711 1271 1751 in
1302 1722 1488 1750 mentem

75 1785 213 1827 venit:
258 1786 290 1825 I.
321 1784 489 1824 Patrem
523 1800 609 1824 esse
641 1784 792 1841 πηγὴν
821 1782 1041 1838 θεότητος,
1073 1783 1233 1822 fontem
1251 1779 1489 1828 divinitatis,

75 1854 437 1912 quemadmodum
481 1856 545 1894 sol
590 1855 684 1895 fons
731 1867 793 1897 est
837 1853 1074 1909 splendoris
1118 1869 1166 1892 ex
1206 1852 1298 1907 ipso
1338 1848 1489 1890 emissi.

77 1927 134 1967 ῘῙ.
163 1924 325 1965 Filium
357 1939 443 1963 esse
475 1923 662 1980 ejusdem
693 1938 865 1966 naturae
896 1941 942 1964 ac
974 1922 1247 1971 substantiae,
1280 1919 1395 1977 cujus
1428 1929 1489 1958 est

75 1996 223 2037 Pater:
250 2005 400 2049 utpote
433 1994 484 2033 de
512 1994 600 2049 ipsa
630 1995 765 2036 Patris
807 1993 981 2035 essentia
1023 1993 1231 2045 genitum,
1269 2002 1315 2031 ut
1347 1991 1488 2030 lumen

76 2083 125 2107 ex
156 2065 314 2105 lumine
345 2075 496 2105 manat.
555 2065 632 2105 Ill.
662 2065 821 2105 Filium
851 2064 1094 2119 neutiquam
1126 2078 1147 2102 a
1166 2065 1287 2102 Patre
1319 2076 1394 2100 suo
1428 2059 1492 2099 di-

77 2136 213 2176 visum
244 2151 291 2175 ac
322 2147 558 2190 separatum
592 2135 805 2176 exsistere:
847 2135 1204 2190 quemadmodum
1243 2147 1320 2171 nec
1351 2130 1491 2170 radius

76 2222 99 2247 a
129 2207 232 2256 sole,
261 2222 339 2245 nec
368 2208 610 2261 splendora
642 2207 734 2247 luce
768 2205 1030 2263 disjungitur.
1091 2205 1162 2244 lv.
1190 2200 1387 2255 Denique
1418 2199 1492 2239 Fi-

77 2275 182 2315 lium
215 2274 302 2315 sine
334 2275 580 2318 alteratione
617 2288 658 2317 et
698 2276 977 2317 diminutione
1017 2273 1181 2314 divinae
1213 2270 1412 2311 essentiae
1444 2285 1493 2309 ex

75 2345 201 2386 Patre
239 2344 364 2386 nasci.
436 2347 646 2403 Equidem
693 2348 769 2387 hos
812 2345 940 2386 animi
980 2342 1114 2385 nostri
1161 2353 1390 2396 conceptus
1440 2340 1493 2379 de

76 2416 289 2456 adoranda
319 2418 587 2469 generatione
618 2418 719 2459 Filii
746 2417 829 2458 Dei
859 2416 1013 2456 mirum
1045 2414 1086 2454 in
1117 2413 1293 2452 modum
1324 2409 1494 2466 adjuvat

76 2484 310 2526 similitudo
342 2486 444 2538 ist-33
475 2489 585 2528 unde
618 2501 658 2530 et
687 2505 708 2529 a
738 2487 930 2529 Patribus
960 2483 1157 2527 Nicaenis
1186 2482 1229 2522 in
1259 2481 1348 2537 ipsa
1381 2481 1492 2522 Con-

79 2555 259 2596 sessione
289 2573 360 2597 sua
391 2557 574 2598 adhibita
605 2559 726 2599 fuit.“

199 2624 238 2679 ¹)
270 2624 400 2679 Quod
440 2627 496 2668 ait
532 2628 640 2669 infra
680 2629 859 2669 Huetius
901 2626 1074 2680 Quaest.
1115 2624 1211 2664 ΧΠ.
1250 2638 1365 2662 num.
1403 2620 1491 2669 IV.‚

81 2693 310 2744 materiam,
343 2712 390 2736 ex
422 2697 614 2749 Origenis
644 2700 869 2749 sententia,
910 2697 966 2737 ita
1005 2713 1027 2736 a
1058 2696 1178 2742 Deo,
1217 2703 1263 2731 ut
1296 2692 1438 2730 lumen
1469 2704 1491 2728 a

80 2763 172 2803 sole
205 2764 414 2818 proficisci
445 2778 486 2806 et
516 2769 752 2822 procreari,
795 2786 889 2811 cum
925 2767 1046 2807 nullo
1087 2773 1331 2816 argumento
1362 2760 1490 2799 fidem

80 2831 145 2873 sui
174 2832 319 2891 judicii
349 2835 493 2891 saciat,
536 2838 688 2880 minuit
719 2839 842 2882 nobis
881 2839 1069 2881 laborem
1110 2832 1229 2890 hujus
1262 2825 1490 2871 commenti
