1759 3125
487 67 880 109 Ommzmmonum
910 67 1051 108 ana
1083 68 1134 109 ΙΙ.
1413 67 1493 111 241

77 183 246 223 iterum
270 178 389 236 pati,
419 175 664 219 secundam
699 176 914 234 Ortgem‘s
953 191 1171 221 errorem.
1233 181 1357 239 Pejus
1394 184 1492 239 quid

80 275 128 300 ex
157 257 256 314 ipsis
287 254 481 307 origenis
521 254 659 295 verbis
697 268 980 312 repraesentat
1017 257 1276 298 Justinianus
1316 259 1497 315 impera-

78 348 147 377 tor
176 335 219 375 in
249 332 429 389 epistola
460 332 513 373 ad
543 333 738 388 Menam,
780 335 970 374 futurum
1006 350 1159 390 nempe
1198 348 1245 376 ut
1285 353 1365 393 pro
1400 339 1498 378 dae-

76 412 273 453 monibus
308 410 573 463 crucifigatur
597 410 799 462 Christus,
830 411 958 467 idque
980 427 1283 467 saepenumero
1306 431 1384 469 per
1410 432 1499 456 sae-

76 490 170 530 cula
202 490 356 530 futura.
418 488 530 529 Tum
569 488 613 529 in
652 488 850 546 subjectis
889 489 985 530 huic
1018 489 1226 545 epistolae
1259 492 1498 534 anathema-

73 567 207 608 tismis
245 566 473 619 Origenem
512 565 665 618 tangit,
718 584 813 608 cum
850 583 922 607 eos
949 568 1153 632 xdamnat,
1208 568 1279 624 qui
1320 570 1499 611 dixerint

74 646 265 686 Verbum
297 644 595 701 Seraphimum
624 644 783 685 factum
815 661 901 686 esse
933 645 1213 701 Seraphimis,
1245 658 1287 687 et
1315 647 1498 690 similem

74 723 248 779 reliquis
280 722 390 764 coeli
421 722 668 774 virtutibus3
700 734 741 763 et
773 740 867 764 cum
898 722 1016 764 addit
1044 724 1263 766 anathema
1294 742 1394 778 esse,
1426 728 1499 783 qui

75 800 248 852 dixerit,
295 799 508 842 Christum
544 800 587 841 in
626 801 795 842 saeculo
846 802 991 842 futuro
1032 803 1276 845 crucifixum
1326 804 1380 846 iri
1417 823 1497 862 pro

75 878 374 930 daemonibus,
416 878 524 920 sicut
564 889 606 920 et
642 895 721 934 pro
763 879 1018 922 hominibus.
1077 880 1201 923 Unde
1231 882 1498 940 Nicephorus

72 957 144 999 lib.
171 958 309 999 XVII.
342 972 430 1012 cap.
460 956 527 999 27.
559 955 669 997 inter
698 956 888 998 haereses
920 957 1094 1011 Origeni
1124 961 1351 1017 adscriptas
1383 963 1499 1005 dam-

73 1047 213 1077 natam
252 1034 368 1076 illam
409 1032 535 1075 fuisse
574 1034 727 1085 refert,
769 1032 837 1078 ὅτι
874 1033 990 1095 ὑπὲρ
1029 1036 1269 1094 δαιμόνων
1307 1039 1382 1084 δεῖ
1416 1039 1498 1085 τὸν

73 1111 276 1172 Χριστὸν
307 1115 654 1172 σταυρωθῆναι,
696 1114 772 1155 καὶ
808 1111 1027 1162 πολλάκις
1063 1117 1196 1158 τοῦτο
1237 1119 1299 1166 εἷς
1329 1118 1497 1176 ἐσομέ-

71 1207 178 1240 νους
209 1193 378 1240 αἰῶνας
405 1195 577 1234 παθεῖν
609 1188 699 1234 ὑπὸ
741 1193 832 1233 τῶν
862 1190 1140 1247 πνευμάτων
1169 1195 1247 1246 τῆς
1276 1202 1497 1256 πονηρίας

69 1272 160 1313 τῶν
196 1269 246 1313 ἓν
283 1273 376 1318 τοῖς
415 1269 718 1325 ἐπουρανίοις.
792 1268 1010 1310 Horribile
1056 1286 1157 1311 vero
1199 1283 1261 1312 est
1301 1284 1342 1313 et
1383 1290 1496 1316 exse-

71 1348 287 1397 crandum,
319 1347 436 1403 quod
466 1347 650 1388 Joannes
680 1347 967 1388 Damascenus
997 1346 1041 1387 in
1072 1348 1184 1389 libro
1217 1351 1269 1391 de
1300 1351 1495 1394 Haeresi-

69 1426 146 1466 bus
178 1423 354 1478 Origeni
384 1439 629 1480 persuasum
658 1423 786 1465 fuisse
818 1424 898 1475 ait,
941 1441 1096 1481 nempe
1131 1425 1364 1471 Christum
1394 1444 1494 1474 una

72 1516 174 1546 cum
204 1501 385 1545 diabolo
416 1515 446 1544 a
476 1514 588 1558 rege
615 1498 936 1559 gubernatum
965 1504 1050 1555 iri,
1091 1516 1279 1563 eumyue
1309 1509 1355 1549 ῖιι
1389 1521 1492 1551 cru-

70 1593 164 1624 cem
196 1587 354 1623 actum
385 1577 683 1622 daemonibus
698 1579 841 1634 falsa
870 1577 1270 1627 denuntiaturum.

179 1658 318 1700 XXII.
378 1659 500 1699 Nunc
530 1657 629 1699 rivis
662 1656 847 1709 omissis,
886 1674 934 1699 ex
965 1658 1059 1715 ipso
1090 1660 1210 1702 fonte
1240 1661 1492 1710 hauriamus,

73 1737 277 1790 Origenes
309 1736 499 1777 Humilia
531 1735 596 1779 10.
636 1736 676 1776 in
710 1737 811 1778 Luc.
852 1752 900 1777 ex
942 1752 992 1777 eo
1023 1739 1178 1793 probat
1205 1739 1308 1781 Jesu
1340 1743 1494 1786 Christi

70 1816 298 1856 adventum
342 1814 507 1854 Veteris
547 1814 810 1855 Testamenti
850 1814 1045 1855 Patribus
1093 1818 1326 1871 profuisse,
1378 1824 1493 1877 quod

71 1893 325 1933 coelestibus
356 1891 591 1948 profuerit,
630 1891 741 1948 juxta
775 1893 1035 1948 Apostolum
1068 1894 1161 1936 Col.
1194 1896 1235 1946 Ῑ,
1264 1896 1330 1940 20,
1394 1899 1493 1953 Quo

68 1970 191 2011 Pauli
238 1969 337 2011 loco
388 1971 431 2011 in
471 1970 646 2010 eandem
695 1969 884 2010 abutitur
929 1971 1179 2012 sententiam
1219 1973 1346 2017 Hom.
1378 1976 1408 2019 I.
1451 1978 1492 2019 in

69 2049 202 2090 Levit.
244 2066 357 2090 num.
390 2048 452 2099 3.,
497 2058 538 2088 et
576 2047 670 2089 libr.
703 2047 740 2090 5.
778 2048 820 2088 in
861 2047 981 2104 epist.
1021 2050 1074 2089 ad
1114 2050 1239 2092 Rom.
1279 2069 1394 2096 num.
1428 2055 1493 2100 10,

69 2126 164 2168 Hoc
194 2138 334 2168 autem
367 2126 616 2168 coelestium
645 2125 833 2176 nomine,
863 2143 951 2167 non
981 2128 1230 2180 angelorum
1262 2133 1394 2173 modo
1428 2150 1495 2175 or·

70 2203 200 2256 dines,
231 2206 304 2247 sed
336 2205 473 2247 sidera
505 2221 676 2262 quoque
706 2205 885 2255 notavit,
915 2217 1067 2261 utpote
1100 2223 1207 2263 quae
1237 2225 1325 2250 non
1355 2211 1494 2254 anima

67 2283 213 2333 modo,
244 2283 318 2324 sed
347 2283 512 2324 ratione
543 2282 670 2324 etiam
700 2282 892 2339 praedita
924 2284 1142 2327 censuerit.
1205 2285 1495 2346 Quaecunque

70 2371 210 2401 autem
240 2360 405 2402 ratione
434 2360 625 2417 pollent,
664 2373 841 2417 peccato
871 2377 958 2403 esse
991 2363 1194 2414 obnoxia,
1235 2380 1282 2406 ac
1311 2367 1493 2422 proinde

68 2437 317 2491 purgatione
347 2438 536 2492 indigere
575 2438 797 2482 arbitratus
838 2451 920 2492 θεῖς
957 2439 1217 2496 purgationis
1255 2460 1357 2485 vero
1399 2446 1494 2486 offi-

72 2513 181 2554 cium
239 2513 325 2556 illis
379 2527 519 2557 morte
573 2532 645 2558 sua
702 2516 960 2568 exhibuisse,
1020 2519 1283 2577 salutemque
1338 2539 1493 2578 procu—

70 2604 178 2629 rasse
223 2590 455 2645 Christum,
520 2592 752 2651 ἀπροσδεῆ
802 2593 974 2644 παντὸς
1019 2594 1311 2656 οὑτινοσοῦν,
1373 2601 1494 2657 πλὴν

70 2667 148 2719 τῆς
179 2665 443 2723 ἀνθρώπων
474 2677 708 2731 σωτηρίας,
741 2675 818 2715 καὶ
848 2671 1021 2723 παντὸς
1058 2678 1263 2732 λογικοῦ.
1326 2678 1397 2720 Sic
1428 2695 1493 2719 er-

72 2759 144 2782 ror
176 2744 308 2784 errori
342 2746 551 2790 cohaeret.
606 2750 846 2792 Rationalia
878 2768 1010 2807 porro
1044 2769 1290 2795 enumerans
1315 2756 1438 2796 Toni.
1461 2758 1491 2796 Ι.

68 2821 107 2860 in
142 2820 292 2861 Joann.
324 2838 435 2864 num.
462 2823 549 2874 34,
581 2826 750 2877 angelos
782 2827 824 2868 in
855 2829 919 2878 iis,
951 2829 1158 2879 homines,
1190 2848 1236 2871 ac
1267 2833 1492 2873 daemones

74 2897 295 2939 Omoums
331 2899 502 2941 Orsus.
537 2901 656 2942 Tou.
689 2903 833 2945 ΧΧΙΙ.
1195 2907 1245 2950 16
