1759 3125
228 128 283 171 26
646 128 788 169 l‘ssrm
819 128 1033 168 DANIEms
1066 126 1230 167 ΗυΕΤιι

228 239 332 285 rem}
362 243 500 299 μέρη,
543 239 746 295 καθαρὸς
776 236 888 284 εἶναι
925 243 1149 295 ιόιιιίζεται
1193 237 1306 295 πρὸς
1346 238 1428 293 τὴν
1470 255 1651 296 νενομι-

229 321 402 374 σμένην
433 316 538 374 παρ’
558 316 815 370 Ἀθηναίοις
846 314 1104 373 ἁγιστειάν·
1140 317 1182 356 id
1219 327 1292 366 cst,
1325 313 1476 358 oblllc‘s
1506 320 1659 359 clema

227 394 442 436 masculis
469 392 707 449 partibus:
749 394 1008 435 cohibendae
1052 393 1210 449 quippe
1242 393 1406 433 veneris
1436 393 1566 445 gratia
1600 393 1653 433 ci-

229 484 364 512 cutam
407 471 513 511 locis
562 471 646 511 illis
695 470 912 511 admoveri
953 471 1124 511 tradunt
1162 470 1439 511 Dioscorides
1481 470 1554 513 lib.
1581 472 1656 512 lV.

230 566 320 605 cap.
354 548 434 599 79„
467 560 506 589 et
536 548 699 589 Plinius
732 549 806 589 lib.
839 548 977 590 XXV.
1015 565 1104 602 cap.
1139 546 1228 596 13„
1261 564 1345 587 non
1376 548 1562 597 sorberi,
1593 548 1655 588 uti

226 628 383 667 sactum
416 627 466 666 ab
497 625 786 681 hierophantis
817 637 1025 666 memorat
1046 624 1333 682 Hieronymus
1365 624 1461 665 libr.
1494 626 1526 667 I.
1560 625 1654 665 adv.

229 703 518 747 Jovinianum.

343 780 559 836 Causae1)
603 797 676 820 cur
716 780 759 820 id
800 781 979 829 faceret,
1024 780 1266 834 complures
1309 778 1484 831 Origeni
1526 779 1656 820 suere.

225 858 498 898 ventitabant
526 857 578 896 ad
609 873 705 896 eum
736 858 930 912 puellae,
971 856 1070 897 fidei
1113 856 1372 898 Christianae
1416 867 1457 896 ct
1496 855 1660 896 studio—

227 953 320 977 rum
371 934 518 987 gratia:
572 951 695 989 quani
746 935 967 975 hominum
1018 945 1157 973 autem
1197 934 1409 985 ingenium
1452 950 1473 973 a
1512 934 1658 974 labore

226 1012 417 1068 proclive.
461 1023 567 1052 esset
607 1013 659 1051 ad
704 1011 926 1052 libidinem
960 1010 1121 1067 optime
1161 1011 1445 1064 intelligebat,
1485 1012 1657 1051 vereba-

227 1102 391 1146 turque,
422 1106 474 1129 ne
508 1106 555 1129 ex
587 1089 797 1145 frequenti
829 1089 1038 1141 virginum
1071 1088 1286 1129 consortio
1321 1105 1473 1145 corpus
1495 1089 1537 1128 in
1564 1089 1657 1144 ipso

226 1167 453 1225 juventutis
485 1167 594 1206 flexu
625 1168 735 1207 male
765 1166 829 1207 sui
861 1183 1039 1222 compos
1086 1168 1138 1207 ad
1170 1166 1432 1221 voluptatem
1464 1165 1659 1221 impelle-

226 1257 356 1286 retur.
407 1245 769 1286 Commovebatur
800 1245 851 1284 ad
883 1245 984 1284 haec
1017 1244 1147 1284 effato
1174 1242 1344 1293 Christi,
1377 1260 1461 1298 quo
1479 1259 1520 1284 se
1543 1242 1657 1298 ipsos

227 1334 408 1378 propter
439 1322 622 1362 coeleste
653 1339 826 1374 regnum
870 1322 1048 1361 evirasse
1085 1320 1316 1361 nonnullos
1357 1320 1657 1375 pronuntiave-

227 1400 370 1455 rat.²)
429 1400 479 1439 Id
523 1417 618 1439 cum
658 1412 826 1455 praeter
865 1415 1105 1451 germanam
1138 1398 1385 1439 sententiam
1417 1397 1658 1452 accepisset,

227 1477 380 1532 pravis,
411 1488 458 1516 ut
489 1476 663 1532 opinor,
709 1477 912 1531 deceptus
943 1476 1212 1516 Valesiorum
1251 1466 1560 1515 haereticorum
1591 1491 1658 1514 ex-

229 1553 528 1610 positionibus,
560 1553 630 1608 qui
663 1565 842 1593 aetatem
875 1552 961 1610 ejus
991 1565 1316 1608 praecesserant,
1347 1552 1511 1608 sibique
1541 1550 1659 1592 soliti

228 1621 394 1671 fuerant
424 1631 562 1671 virilia
594 1647 808 1681 exsecare,
847 1648 958 1671 nova
998 1631 1128 1671 istaec
1168 1630 1212 1670 in
1252 1646 1302 1670 eo
1342 1629 1491 1682 religio
1524 1628 1658 1670 inces-

229 1708 293 1749 sit.
353 1708 410 1748 Et
442 1707 524 1764 jam
555 1708 646 1748 aliis
677 1708 874 1754 inductus
894 1708 1048 1750 Christi
1080 1707 1229 1759 verbis,
1261 1724 1282 1748 a
1314 1707 1503 1759 legitimo
1535 1722 1658 1748 sensu

229 1786 432 1837 detortis,
470 1785 639 1826 unicam
681 1786 761 1827 sibi
793 1798 954 1827 tantum
984 1785 1222 1842 habebat3)
1255 1785 1454 1835 tunicam,
1484 1783 1658 1841 abjectis

230 1863 525 1904 calceamentis
555 1863 676 1903 nudis
709 1864 932 1904 incedebat
961 1865 1162 1920 pedibus,
1194 1880 1272 1904 nec
1301 1863 1392 1902 ullo
1423 1862 1556 1901 modo
1589 1860 1656 1900 vel

228 1941 271 1981 in
302 1940 541 1989 crastinum,
573 1942 639 1980 vel
672 1940 714 1980 in
741 1941 1051 1992 longitudinem
1072 1941 1333 1983 consulebat.
1381 1938 1516 1978 Aliam
1536 1952 1657 1992 prae-

228 2029 343 2058 terea
384 2017 436 2056 de
476 2016 553 2056 hac
592 2032 637 2056 re
679 2017 852 2069 Origeni
899 2017 1023 2056 fuisse
1056 2033 1238 2056 caussam
1270 2014 1415 2056 scribit
1444 2015 1655 2055 Eusebius

229 2095 399 2136 lib.VI.
433 2109 522 2148 cap.
552 2092 615 2145 S.;
655 2110 708 2133 ne
753 2094 916 2134 scilicet
957 2110 1004 2133 ex
1044 2093 1198 2133 crebris
1239 2093 1479 2148 puellarum
1519 2093 1570 2133 ad
1610 2108 1654 2133 se

228 2171 431 2212 itionibus
463 2181 505 2210 et
535 2169 735 2225 alloquiis
768 2170 1033 2210 obtrectandi
1067 2170 1332 2210 occasionem
1365 2171 1539 2210 haberet
1569 2186 1657 2210 ma-

229 2248 471 2290 levolentia.
523 2249 578 2288 At
607 2259 811 2302 repugnat
843 2249 957 2303 quod
990 2265 1087 2287 mox
1120 2247 1344 2305 subjungit,
1379 2264 1551 2302 operam
1584 2248 1653 2287 (le-

230 2326 338 2366 disse
373 2325 614 2377 Origenem,
645 2336 692 2364 ut
723 2325 880 2364 sactum
912 2325 1020 2364 illud
1055 2325 1359 2365 occultaretur:
1392 2341 1487 2364 nam
1519 2324 1551 2364 si
1584 2340 1653 2363 oc-

231 2403 427 2452 cultavit,
469 2402 687 2458 quomodo
729 2418 919 2441 rumores
961 2401 1182 2441 hominum
1222 2401 1454 2453 ignorabile
1495 2402 1650 2441 factum

228 2481 370 2537 sopire
400 2480 555 2536 potuit,
589 2479 705 2535 quod
738 2478 1018 2531 evulgandum
1052 2491 1135 2519 erat
1169 2480 1219 2519 ad
1242 2478 1580 2519 maledicentiam
1613 2490 1654 2519 et

349 2733 389 2787 ¹)
422 2732 512 2773 Csr.
541 2730 697 2770 Euscb.
734 2728 842 2769 Hist.
877 2731 1024 2772 eccles.
1057 2731 1129 2773 lib.
1162 2732 1235 2772 Vl.
1265 2748 1354 2787 cap.
1383 2731 1423 2775 S.

347 2803 390 2858 ²)
423 2803 510 2844 Csr.
543 2800 694 2844 Matth.
725 2800 844 2851 XIX,
878 2800 943 2843 12.

350 2873 394 2930 3)
427 2873 517 2917 Csr.
549 2872 704 2912 Euseb.
738 2871 846 2912 Uist.
879 2871 1025 2912 eccles.
1059 2871 1130 2912 lib.
1162 2871 1234 2913 Vl.
1268 2887 1356 2928 cap.
1388 2872 1426 2916 3.
