1759 3125
474 85 865 127 Omcnmmonum
903 81 1045 124 Ltmzn
1073 83 1135 125 Π.
1420 81 1500 128 181

84 209 228 253 supra
257 193 527 245 edocuimus,
557 195 631 238 vel
655 208 771 251 qaae
788 195 827 251 ⁸)
859 192 914 236 de
943 196 1055 245 vita,
1084 191 1160 235 vel
1188 190 1343 243 Verbo,
1375 194 1499 235 aliis-

84 287 168 329 que
197 271 580 328 appellationibus
607 271 833 314 Fe'lz'z‘Dec'
858 268 1166 327 intelligenda
1195 282 1288 312 esse
1320 276 1499 312 tracta-

82 353 233 391 vimus.
274 350 414 403 Atque
446 349 546 389 haec
578 349 746 404 quidem
781 347 1048 388 eRufmianis
1076 346 1494 402 interpretationibus

84 427 305 480 depromta
334 425 588 476 testimonia,
620 437 666 465 ut
696 425 834 465 minus
863 424 1005 465 valida
1035 423 1348 480 praemisimus,
1378 424 1495 464 velut

78 501 284 542 leviorem
327 502 536 556 quandam
579 514 844 543 armaturam.
912 502 997 543 Sed
1037 501 1121 559 jam
1161 500 1350 542 cominus
1379 500 1496 552 signa

78 595 356 620 conseramus.

187 655 368 711 Aliquot
398 655 617 696 attulimus
645 655 787 706 locos,
827 656 978 713 quibus
1009 655 1052 695 in
1086 666 1319 695 creatarum
1350 670 1493 694 rerum

77 748 247 773 censum
293 732 451 773 detrusi
498 732 697 773 videntur
734 735 785 773 ab
828 732 1010 785 Origene
1049 731 1186 773 Filius
1229 743 1269 772 et
1308 730 1493 786 Spiritus

73 821 250 850 sanctus.
307 809 471 860 Priore,
489 811 532 866 ²)
564 825 688 865 quem
719 809 893 850 adducit
916 809 1190 860 justinianus,
1219 808 1357 849 Filius
1389 806 1491 847 dici-

192 990 232 1046 ¹)
265 990 371 1030 edd.
404 989 572 1030 Raetii:
605 1003 700 1045 quo.

190 1061 233 1115 2)
268 1059 397 1113 Quod
429 1077 552 1114 supra
583 1060 639 1100 ait
669 1059 954 1116 Epiphanius,
994 1062 1045 1100 ab
1078 1059 1263 1113 Origene
1303 1075 1389 1099 non
1420 1075 1492 1098 na-

74 1142 180 1180 tura,
210 1131 282 1170 sed
313 1130 442 1182 gratia
471 1130 629 1171 Filium
663 1131 758 1180 dici,
791 1142 1079 1171 commentum
1113 1143 1173 1172 est
1205 1131 1256 1171 ab
1290 1129 1490 1170 omnibus

77 1200 270 1252 Origenis
306 1199 528 1255 principiis
570 1200 915 1242 remotissimum.
984 1202 1105 1241 Idem
1144 1218 1231 1242 non
1272 1200 1406 1240 dicam
1439 1200 1492 1239 de

74 1269 341 1322 generatione
373 1286 420 1310 ex
451 1271 668 1311 voluntate
695 1270 851 1311 Patris:
884 1286 989 1326 quae
1021 1271 1228 1326 loquendi
1255 1272 1363 1312 ratio
1397 1288 1492 1311 cum

75 1340 222 1380 multis
259 1340 352 1380 aliis
391 1341 593 1395 probata,
640 1351 730 1380 tum
778 1342 830 1380 ad
871 1340 1066 1392 Origenis
1105 1342 1355 1381 sententiam
1394 1341 1492 1381 satis

75 1411 406 1451 accommodata.
446 1410 551 1450 Nam
574 1426 667 1449 cum
698 1411 959 1450 voluntatem
991 1410 1125 1450 Patris
1156 1411 1197 1450 in
1220 1411 1338 1451 Filio
1368 1428 1492 1463 gene-

73 1493 220 1530 ratam,
250 1496 297 1520 ac
328 1491 460 1520 totam
485 1479 601 1519 Filio
635 1480 987 1520 communicatam
1017 1481 1180 1530 doceat,
1209 1480 1268 1520 ita
1298 1492 1343 1520 ut
1374 1481 1492 1521 iden-

76 1551 171 1592 titas
201 1551 253 1591 sit
284 1551 512 1590 voluntatis
541 1550 584 1590 in
614 1562 818 1605 utroque:
849 1566 936 1590 non
965 1549 1194 1600 immerito,
1224 1567 1301 1590 nec
1331 1550 1492 1591 incom-

75 1622 204 1661 mode
243 1620 382 1660 dicere
422 1620 564 1675 potuit
593 1621 750 1661 Filium
796 1637 844 1660 ex
873 1620 1010 1660 Patris
1043 1621 1257 1660 voluntate
1288 1621 1489 1672 genitum.

79 1692 212 1745 Quod
241 1702 401 1746 spectat
432 1693 484 1731 ad
514 1691 844 1731 proverbiorum
876 1691 996 1745 (Vlll
1015 1721 1026 1739 ,
1056 1690 1145 1744 22.)
1177 1690 1342 1730 locum:
1374 1691 1493 1739 „Do-

79 1761 216 1801 minus
247 1760 437 1800 condidit
466 1767 594 1809 me‚“
640 1773 743 1810 etc.‚
793 1777 877 1815 quo
917 1761 1050 1800 fretus
1088 1759 1293 1812 Origenes
1330 1760 1492 1801 Filium

80 1830 316 1879 conditum,
348 1841 388 1870 et
417 1847 507 1870 rem
539 1831 753 1871 conditam
784 1831 1016 1886 appellasse
1050 1829 1220 1879 dicitur,
1250 1829 1493 1882 videndum,

81 1917 264 1957 quonam
295 1900 338 1940 id
370 1917 490 1940 sensu
521 1901 796 1955 praestiterit:
828 1925 880 1932 —
910 1917 1006 1940 nam
1028 1900 1133 1939 vitio
1153 1900 1258 1940 verti
1285 1917 1369 1940 non
1397 1912 1495 1955 pot«

81 1984 154 2021 est,
186 1971 302 2026 quod
334 1970 575 2024 Scripturae
616 1970 754 2010 verbis
791 1982 935 2011 utatur
962 1987 1038 2011 -—:
1077 1982 1218 2011 utrum
1257 1971 1338 2010 hoc
1375 1971 1491 2011 testi-

79 2041 270 2081 monium
302 2041 355 2080 ad
385 2041 654 2080 evertendam
684 2039 787 2080 Filii
827 2041 1138 2090 aeternitatem,
1176 2053 1223 2081 ut
1264 2041 1422 2081 clarum
1454 2053 1496 2082 et

82 2123 274 2167 apertum
312 2111 531 2160 adhibeat,
567 2127 619 2150 an
658 2110 821 2165 potius,
858 2123 906 2150 ut
943 2111 984 2151 in
1027 2112 1207 2151 obscuro
1248 2122 1287 2150 et
1329 2111 1496 2152 difficili

82 2183 194 2231 loco,
225 2183 277 2221 ad
308 2181 483 2221 subtiles
521 2181 890 2236 interpretationes
929 2182 1156 2233 confugiat.
1225 2180 1364 2220 Litem
1396 2180 1495 2221 diri-

81 2263 200 2291 munt
232 2268 336 2306 quae
367 2252 561 2304 leguntur
591 2252 663 2292 lib.
692 2253 722 2292 I.
756 2252 807 2292 de
838 2251 1022 2306 Princip.
1057 2269 1144 2306 cap.
1168 2251 1206 2292 2.
1238 2268 1353 2291 num.
1384 2251 1422 2293 2.
1456 2264 1496 2292 et

82 2321 136 2371 3.,
166 2320 239 2361 ubi
268 2322 402 2361 illud:
433 2321 671 2371 „Dominus
703 2322 893 2363 condidit
923 2330 1049 2364 me:“
1080 2323 1226 2378 (ΡΙ-ον.
1259 2322 1376 2371 Vlll,
1403 2321 1493 2375 22.)

83 2408 167 2431 non
203 2392 253 2431 de
283 2392 373 2447 ipsa
403 2392 641 2447 Sapientia,
692 2393 766 2432 sed
798 2394 848 2432 de
878 2393 962 2443 his,
1000 2409 1104 2448 quae
1142 2392 1184 2432 in
1215 2392 1312 2441 illa,
1351 2404 1390 2432 et
1420 2409 1499 2448 per

86 2460 202 2501 illam
235 2463 406 2502 condita
443 2474 558 2511 sunt,
596 2461 916 2514 intelligendum
956 2474 1114 2503 monet.
1181 2462 1233 2504 Iu
1275 2461 1362 2503 hac
1397 2464 1497 2518 ipsa

87 2542 213 2585 ergo,
243 2531 402 2586 inquit,
433 2532 700 2587 Sapientiae
736 2531 1054 2587 submittentia,
1086 2535 1193 2588 quia
1223 2535 1366 2574 omnis
1395 2536 1493 2574 vir-

90 2608 161 2641 tus
192 2615 247 2642 ac
275 2600 555 2655 deformatio
573 2604 782 2656 secturae
821 2605 976 2644 inerat
1008 2611 1279 2658 creaturae,
1319 2603 1392 2644 rel
1425 2615 1495 2643 eo-

89 2683 214 2720 rum,
255 2683 368 2726 qnae
400 2673 725 2728 prc'ncz'palc'ter
763 2674 1018 2724 messmam,
1058 2674 1131 2715 rel
1165 2687 1344 2723 eorum,
1384 2686 1499 2729 quae

91 2737 318 2789 accidunt,
349 2750 671 2795 consequenter
699 2745 870 2784 virtute
906 2745 1246 2797 p7·aesc1'entc'ae
1278 2743 1496 2797 praefor-

92 2816 224 2852 mata
255 2816 389 2865 atque
419 2808 657 2866 disposita:
691 2824 778 2868 pro
809 2811 877 2854 lu‘s
906 2815 1033 2868 r'psz‘s,
1064 2826 1178 2868 qaae
1208 2816 1256 2854 ιἰι
1287 2815 1388 2867 ipsa
1415 2811 1498 2854 Sa-
