<?xml version="1.0" encoding="UTF-8"?>
<!DOCTYPE html PUBLIC "-//W3C//DTD XHTML 1.0 Transitional//EN"
    "http://www.w3.org/TR/xhtml1/DTD/xhtml1-transitional.dtd">
<html xmlns="http://www.w3.org/1999/xhtml" xml:lang="en" lang="en">
 <head>
  <title>
</title>
<meta http-equiv="Content-Type" content="text/html;charset=utf-8" />
  <meta name='ocr-system' content='tesseract 3.04.00' />
  <meta name='ocr-capabilities' content='ocr_page ocr_carea ocr_par ocr_line ocrx_word'/>
</head>
<body>
  <div class='ocr_page' id='page_1' title='image "./operaomniaquaegr22orig/operaomniaquaegr22orig_0426.png"; bbox 0 0 1759 3125; ppageno 0'>
   <div class='ocr_carea' id='block_1_1' title="bbox 234 129 1137 178">
    <p class='ocr_par' dir='ltr' id='par_1_1' title="bbox 234 129 1137 178">
     <span class='ocr_line' id='line_1_1' title="bbox 234 129 1137 178; baseline -0.007 0"><span class='ocrx_word' id='word_1_1' title='bbox 234 133 318 178; x_wconf 82' lang='lat'>414</span> <span class='ocrx_word' id='word_1_2' title='bbox 754 129 992 174; x_wconf 78' lang='lat' dir='ltr'>ExcUnsth</span> <span class='ocrx_word' id='word_1_3' title='bbox 1021 131 1137 172; x_wconf 78' lang='lat' dir='ltr'>VIII.</span> 
     </span>
    </p>
   </div>
   <div class='ocr_carea' id='block_1_2' title="bbox 192 242 1651 2933">
    <p class='ocr_par' dir='ltr' id='par_1_2' title="bbox 202 242 1651 2393">
     <span class='ocr_line' id='line_1_2' title="bbox 234 242 1650 299; baseline -0.002 -10"><span class='ocrx_word' id='word_1_4' title='bbox 234 245 473 296; x_wconf 76' lang='lat' dir='ltr'><strong>descendat,</strong></span> <span class='ocrx_word' id='word_1_5' title='bbox 504 255 573 284; x_wconf 81' lang='lat' dir='ltr'>aut</span> <span class='ocrx_word' id='word_1_6' title='bbox 603 242 763 284; x_wconf 83' lang='lat' dir='ltr'>Filium</span> <span class='ocrx_word' id='word_1_7' title='bbox 795 259 841 284; x_wconf 82' lang='lat' dir='ltr'>ac</span> <span class='ocrx_word' id='word_1_8' title='bbox 871 244 1093 299; x_wconf 84' lang='lat' dir='ltr'>proprium</span> <span class='ocrx_word' id='word_1_9' title='bbox 1125 243 1330 299; x_wconf 82' lang='lat' dir='ltr'>Spiritum</span> <span class='ocrx_word' id='word_1_10' title='bbox 1363 244 1524 296; x_wconf 69' lang='lat' dir='ltr'>mittatg</span> <span class='ocrx_word' id='word_1_11' title='bbox 1555 261 1650 286; x_wconf 89' lang='lat' dir='ltr'>curn</span> 
     </span>
     <span class='ocr_line' id='line_1_3' title="bbox 231 313 1649 377; baseline -0.002 -10"><span class='ocrx_word' id='word_1_12' title='bbox 231 342 318 367; x_wconf 90' lang='lat' dir='ltr'>non</span> <span class='ocrx_word' id='word_1_13' title='bbox 349 323 485 364; x_wconf 89' lang='lat' dir='ltr'>minus</span> <span class='ocrx_word' id='word_1_14' title='bbox 516 337 748 377; x_wconf 82' lang='lat' dir='ltr'>repugnare</span> <span class='ocrx_word' id='word_1_15' title='bbox 779 320 856 371; x_wconf 78' lang='lat' dir='ltr'>ait,</span> <span class='ocrx_word' id='word_1_16' title='bbox 897 333 945 361; x_wconf 87' lang='lat' dir='ltr'>ut</span> <span class='ocrx_word' id='word_1_17' title='bbox 983 313 1101 361; x_wconf 84' lang='lat' dir='ltr'>Deus</span> <span class='ocrx_word' id='word_1_18' title='bbox 1147 321 1318 362; x_wconf 83' lang='lat' dir='ltr'>ovillam</span> <span class='ocrx_word' id='word_1_19' title='bbox 1361 334 1401 363; x_wconf 90' lang='lat' dir='ltr'>et</span> <span class='ocrx_word' id='word_1_20' title='bbox 1438 323 1497 363; x_wconf 80' lang='lat' dir='ltr'>sel</span> <span class='ocrx_word' id='word_1_21' title='bbox 1539 324 1649 373; x_wconf 81' lang='lat' dir='ltr'>edat,</span> 
     </span>
     <span class='ocr_line' id='line_1_4' title="bbox 232 398 1651 456; baseline -0.002 -12"><span class='ocrx_word' id='word_1_22' title='bbox 232 415 303 444; x_wconf 83' lang='lat' dir='ltr'>aut</span> <span class='ocrx_word' id='word_1_23' title='bbox 333 412 499 442; x_wconf 86' lang='lat' dir='ltr'>acetum</span> <span class='ocrx_word' id='word_1_24' title='bbox 527 398 673 448; x_wconf 86' lang='lat' dir='ltr'>bibat,</span> <span class='ocrx_word' id='word_1_25' title='bbox 704 415 826 454; x_wconf 84' lang='lat' dir='ltr'>quam</span> <span class='ocrx_word' id='word_1_26' title='bbox 857 410 905 438; x_wconf 87' lang='lat' dir='ltr'>ut</span> <span class='ocrx_word' id='word_1_27' title='bbox 934 409 1119 438; x_wconf 84' lang='lat' dir='ltr'>stercore</span> <span class='ocrx_word' id='word_1_28' title='bbox 1151 410 1363 450; x_wconf 79' lang='lat' dir='ltr'>vescatur3</span> <span class='ocrx_word' id='word_1_29' title='bbox 1393 416 1478 440; x_wconf 89' lang='lat' dir='ltr'>non</span> <span class='ocrx_word' id='word_1_30' title='bbox 1510 399 1651 456; x_wconf 83' lang='lat' dir='ltr'>queri-</span> 
     </span>
     <span class='ocr_line' id='line_1_5' title="bbox 228 474 1650 531; baseline -0.003 -10"><span class='ocrx_word' id='word_1_31' title='bbox 228 492 298 521; x_wconf 92' lang='lat' dir='ltr'>tur</span> <span class='ocrx_word' id='word_1_32' title='bbox 329 478 532 530; x_wconf 88' lang='lat' dir='ltr'>Origenes</span> <span class='ocrx_word' id='word_1_33' title='bbox 564 475 708 516; x_wconf 76' lang='lat' dir='ltr'>salsam</span> <span class='ocrx_word' id='word_1_34' title='bbox 742 475 991 531; x_wconf 83' lang='lat' dir='ltr'>opinionem</span> <span class='ocrx_word' id='word_1_35' title='bbox 1038 474 1282 517; x_wconf 83' lang='lat' dir='ltr'>Christianis</span> <span class='ocrx_word' id='word_1_36' title='bbox 1326 475 1481 528; x_wconf 73' lang='lat' dir='ltr'>affingi.</span> <span class='ocrx_word' id='word_1_37' title='bbox 1548 477 1650 517; x_wconf 83' lang='lat' dir='ltr'><strong>Erat</strong></span> 
     </span>
     <span class='ocr_line' id='line_1_6' title="bbox 228 550 1647 608; baseline -0.003 -10"><span class='ocrx_word' id='word_1_38' title='bbox 228 569 368 598; x_wconf 89' lang='lat' dir='ltr'>tamen</span> <span class='ocrx_word' id='word_1_39' title='bbox 400 554 555 596; x_wconf 85' lang='lat' dir='ltr'>Ariana</span> <span class='ocrx_word' id='word_1_40' title='bbox 583 552 787 602; x_wconf 81' lang='lat' dir='ltr'>haeresis,</span> <span class='ocrx_word' id='word_1_41' title='bbox 839 550 954 608; x_wconf 82' lang='lat' dir='ltr'>cujus</span> <span class='ocrx_word' id='word_1_42' title='bbox 985 550 1237 592; x_wconf 77' lang='lat' dir='ltr'>architectus</span> <span class='ocrx_word' id='word_1_43' title='bbox 1269 563 1309 592; x_wconf 88' lang='lat' dir='ltr'>et</span> <span class='ocrx_word' id='word_1_44' title='bbox 1339 567 1488 606; x_wconf 87' lang='lat' dir='ltr'>parens</span> <span class='ocrx_word' id='word_1_45' title='bbox 1520 554 1647 594; x_wconf 87' lang='lat' dir='ltr'>fuisse</span> 
     </span>
     <span class='ocr_line' id='line_1_7' title="bbox 226 628 1648 687; baseline -0.004 -11"><span class='ocrx_word' id='word_1_46' title='bbox 226 634 420 687; x_wconf 79' lang='lat' dir='ltr'>fingitur,</span> <span class='ocrx_word' id='word_1_47' title='bbox 465 633 517 672; x_wconf 81' lang='lat' dir='ltr'>ad</span> <span class='ocrx_word' id='word_1_48' title='bbox 562 630 822 672; x_wconf 85' lang='lat' dir='ltr'>refellendos</span> <span class='ocrx_word' id='word_1_49' title='bbox 856 628 969 670; x_wconf 89' lang='lat' dir='ltr'>Celsi</span> <span class='ocrx_word' id='word_1_50' title='bbox 1008 628 1126 684; x_wconf 78' lang='lat' dir='ltr'>jocos</span> <span class='ocrx_word' id='word_1_51' title='bbox 1155 630 1476 685; x_wconf 81' lang='lat' dir='ltr'>percommoda.</span> <span class='ocrx_word' id='word_1_52' title='bbox 1533 630 1648 671; x_wconf 78' lang='lat' dir='ltr'>Rue-</span> 
     </span>
     <span class='ocr_line' id='line_1_8' title="bbox 224 706 1647 767; baseline -0.004 -14"><span class='ocrx_word' id='word_1_53' title='bbox 224 714 329 753; x_wconf 84' lang='lat' dir='ltr'><strong>bant</strong></span> <span class='ocrx_word' id='word_1_54' title='bbox 358 710 500 751; x_wconf 83' lang='lat' dir='ltr'>omnia</span> <span class='ocrx_word' id='word_1_55' title='bbox 540 709 627 767; x_wconf 84' lang='lat' dir='ltr'>ejus</span> <span class='ocrx_word' id='word_1_56' title='bbox 673 707 870 756; x_wconf 83' lang='lat' dir='ltr'>dicteria,</span> <span class='ocrx_word' id='word_1_57' title='bbox 915 707 949 747; x_wconf 88' lang='lat' dir='ltr'>si</span> <span class='ocrx_word' id='word_1_58' title='bbox 997 722 1083 747; x_wconf 89' lang='lat' dir='ltr'>non</span> <span class='ocrx_word' id='word_1_59' title='bbox 1129 717 1320 747; x_wconf 85' lang='lat' dir='ltr'>aeternus</span> <span class='ocrx_word' id='word_1_60' title='bbox 1359 717 1402 746; x_wconf 91' lang='lat' dir='ltr'>et</span> <span class='ocrx_word' id='word_1_61' title='bbox 1438 706 1647 748; x_wconf 82' lang='lat' dir='ltr'>increatus</span> 
     </span>
     <span class='ocr_line' id='line_1_9' title="bbox 224 783 1648 833; baseline -0.004 -4"><span class='ocrx_word' id='word_1_62' title='bbox 224 790 344 830; x_wconf 90' lang='lat' dir='ltr'>Deus</span> <span class='ocrx_word' id='word_1_63' title='bbox 375 787 505 827; x_wconf 87' lang='lat' dir='ltr'>homo</span> <span class='ocrx_word' id='word_1_64' title='bbox 538 786 671 826; x_wconf 84' lang='lat' dir='ltr'>factus</span> <span class='ocrx_word' id='word_1_65' title='bbox 702 784 869 833; x_wconf 83' lang='lat' dir='ltr'>suisset,</span> <span class='ocrx_word' id='word_1_66' title='bbox 915 795 987 824; x_wconf 89' lang='lat' dir='ltr'>aut</span> <span class='ocrx_word' id='word_1_67' title='bbox 1024 783 1059 824; x_wconf 89' lang='lat' dir='ltr'>si</span> <span class='ocrx_word' id='word_1_68' title='bbox 1097 800 1183 823; x_wconf 89' lang='lat' dir='ltr'>non</span> <span class='ocrx_word' id='word_1_69' title='bbox 1213 783 1269 823; x_wconf 81' lang='lat' dir='ltr'>ita</span> <span class='ocrx_word' id='word_1_70' title='bbox 1300 795 1413 824; x_wconf 85' lang='lat' dir='ltr'>arcte</span> <span class='ocrx_word' id='word_1_71' title='bbox 1444 800 1540 824; x_wconf 84' lang='lat' dir='ltr'>cum</span> <span class='ocrx_word' id='word_1_72' title='bbox 1570 785 1648 824; x_wconf 88' lang='lat' dir='ltr'>hu-</span> 
     </span>
     <span class='ocr_line' id='line_1_10' title="bbox 223 859 1645 919; baseline -0.003 -13"><span class='ocrx_word' id='word_1_73' title='bbox 223 865 422 906; x_wconf 79' lang='lat' dir='ltr'>manitate</span> <span class='ocrx_word' id='word_1_74' title='bbox 456 861 725 919; x_wconf 81' lang='lat' dir='ltr'>conjunctus,</span> <span class='ocrx_word' id='word_1_75' title='bbox 764 872 811 901; x_wconf 87' lang='lat' dir='ltr'>ut</span> <span class='ocrx_word' id='word_1_76' title='bbox 851 861 984 901; x_wconf 85' lang='lat' dir='ltr'>edisse</span> <span class='ocrx_word' id='word_1_77' title='bbox 1025 872 1066 901; x_wconf 89' lang='lat' dir='ltr'>et</span> <span class='ocrx_word' id='word_1_78' title='bbox 1106 859 1260 900; x_wconf 79' lang='lat' dir='ltr'>bibisse</span> <span class='ocrx_word' id='word_1_79' title='bbox 1303 871 1344 901; x_wconf 92' lang='lat' dir='ltr'>et</span> <span class='ocrx_word' id='word_1_80' title='bbox 1382 877 1525 916; x_wconf 85' lang='lat' dir='ltr'>passus</span> <span class='ocrx_word' id='word_1_81' title='bbox 1557 877 1645 902; x_wconf 90' lang='lat' dir='ltr'>esse</span> 
     </span>
     <span class='ocr_line' id='line_1_11' title="bbox 222 937 1644 993; baseline -0.001 -11"><span class='ocrx_word' id='word_1_82' title='bbox 222 941 376 982; x_wconf 88' lang='lat' dir='ltr'>merito</span> <span class='ocrx_word' id='word_1_83' title='bbox 409 939 633 980; x_wconf 77' lang='lat' dir='ltr'>diceretur.</span> <span class='ocrx_word' id='word_1_84' title='bbox 694 940 789 979; x_wconf 72' lang='lat' dir='ltr'>Non</span> <span class='ocrx_word' id='word_1_85' title='bbox 822 938 854 979; x_wconf 90' lang='lat' dir='ltr'>is</span> <span class='ocrx_word' id='word_1_86' title='bbox 887 950 974 979; x_wconf 84' lang='lat' dir='ltr'>erat</span> <span class='ocrx_word' id='word_1_87' title='bbox 1004 937 1221 990; x_wconf 85' lang='lat' dir='ltr'>Origenes,</span> <span class='ocrx_word' id='word_1_88' title='bbox 1254 937 1325 993; x_wconf 90' lang='lat' dir='ltr'>qui</span> <span class='ocrx_word' id='word_1_89' title='bbox 1355 955 1443 979; x_wconf 91' lang='lat' dir='ltr'>non</span> <span class='ocrx_word' id='word_1_90' title='bbox 1469 939 1644 988; x_wconf 88' lang='lat' dir='ltr'>videret,</span> 
     </span>
     <span class='ocr_line' id='line_1_12' title="bbox 223 1015 1645 1075; baseline 0 -17"><span class='ocrx_word' id='word_1_91' title='bbox 223 1029 427 1075; x_wconf 84' lang='lat' dir='ltr'>quantum</span> <span class='ocrx_word' id='word_1_92' title='bbox 454 1016 564 1056; x_wconf 89' lang='lat' dir='ltr'>inter</span> <span class='ocrx_word' id='word_1_93' title='bbox 595 1015 837 1072; x_wconf 84' lang='lat' dir='ltr'>hujusmodi</span> <span class='ocrx_word' id='word_1_94' title='bbox 870 1016 1011 1055; x_wconf 90' lang='lat' dir='ltr'>Deum</span> <span class='ocrx_word' id='word_1_95' title='bbox 1043 1015 1209 1056; x_wconf 87' lang='lat' dir='ltr'>intersit</span> <span class='ocrx_word' id='word_1_96' title='bbox 1241 1027 1281 1056; x_wconf 90' lang='lat' dir='ltr'>et</span> <span class='ocrx_word' id='word_1_97' title='bbox 1314 1032 1432 1068; x_wconf 88' lang='lat' dir='ltr'>eum,</span> <span class='ocrx_word' id='word_1_98' title='bbox 1465 1017 1537 1072; x_wconf 88' lang='lat' dir='ltr'>qui</span> <span class='ocrx_word' id='word_1_99' title='bbox 1566 1034 1645 1058; x_wconf 89' lang='lat' dir='ltr'>no-</span> 
     </span>
     <span class='ocr_line' id='line_1_13' title="bbox 220 1092 1642 1149; baseline -0.001 -12"><span class='ocrx_word' id='word_1_100' title='bbox 220 1097 334 1137; x_wconf 86' lang='lat' dir='ltr'>mine</span> <span class='ocrx_word' id='word_1_101' title='bbox 364 1107 484 1135; x_wconf 91' lang='lat' dir='ltr'>tenus</span> <span class='ocrx_word' id='word_1_102' title='bbox 515 1094 634 1134; x_wconf 85' lang='lat' dir='ltr'>Deus</span> <span class='ocrx_word' id='word_1_103' title='bbox 664 1093 740 1144; x_wconf 81' lang='lat' dir='ltr'>sit3</span> <span class='ocrx_word' id='word_1_104' title='bbox 771 1105 842 1134; x_wconf 82' lang='lat' dir='ltr'>aut</span> <span class='ocrx_word' id='word_1_105' title='bbox 872 1092 958 1149; x_wconf 84' lang='lat' dir='ltr'>qui,</span> <span class='ocrx_word' id='word_1_106' title='bbox 988 1093 1022 1134; x_wconf 89' lang='lat' dir='ltr'>si</span> <span class='ocrx_word' id='word_1_107' title='bbox 1054 1093 1155 1149; x_wconf 88' lang='lat' dir='ltr'>quid</span> <span class='ocrx_word' id='word_1_108' title='bbox 1180 1105 1349 1148; x_wconf 80' lang='lat' dir='ltr'>praeter</span> <span class='ocrx_word' id='word_1_109' title='bbox 1371 1110 1642 1136; x_wconf 88' lang='lat' dir='ltr'>communem</span> 
     </span>
     <span class='ocr_line' id='line_1_14' title="bbox 221 1171 1643 1226; baseline -0.001 -11"><span class='ocrx_word' id='word_1_110' title='bbox 221 1173 422 1215; x_wconf 84' lang='lat' dir='ltr'>ecclesiae</span> <span class='ocrx_word' id='word_1_111' title='bbox 453 1172 689 1212; x_wconf 80' lang='lat' dir='ltr'>doctrinam</span> <span class='ocrx_word' id='word_1_112' title='bbox 720 1171 915 1220; x_wconf 85' lang='lat' dir='ltr'>sentiret,</span> <span class='ocrx_word' id='word_1_113' title='bbox 955 1182 1039 1211; x_wconf 87' lang='lat' dir='ltr'>tam</span> <span class='ocrx_word' id='word_1_114' title='bbox 1080 1172 1296 1226; x_wconf 77' lang='lat' dir='ltr'>praeclara</span> <span class='ocrx_word' id='word_1_115' title='bbox 1335 1172 1536 1212; x_wconf 79' lang='lat' dir='ltr'>facultate</span> <span class='ocrx_word' id='word_1_116' title='bbox 1567 1174 1643 1213; x_wconf 93' lang='lat' dir='ltr'>ob-</span> 
     </span>
     <span class='ocr_line' id='line_1_15' title="bbox 219 1248 1638 1303; baseline -0.001 -12"><span class='ocrx_word' id='word_1_117' title='bbox 219 1251 302 1291; x_wconf 78' lang='lat' dir='ltr'>lata</span> <span class='ocrx_word' id='word_1_118' title='bbox 333 1248 628 1295; x_wconf 81' lang='lat' dir='ltr'>dissimularet,</span> <span class='ocrx_word' id='word_1_119' title='bbox 689 1250 786 1289; x_wconf 64' lang='lat' dir='ltr'>Non</span> <span class='ocrx_word' id='word_1_120' title='bbox 826 1248 882 1288; x_wconf 85' lang='lat' dir='ltr'>ita</span> <span class='ocrx_word' id='word_1_121' title='bbox 921 1264 964 1288; x_wconf 88' lang='lat' dir='ltr'>se</span> <span class='ocrx_word' id='word_1_122' title='bbox 1005 1264 1149 1300; x_wconf 85' lang='lat' dir='ltr'>gerere</span> <span class='ocrx_word' id='word_1_123' title='bbox 1179 1250 1301 1289; x_wconf 91' lang='lat' dir='ltr'>solet.</span> <span class='ocrx_word' id='word_1_124' title='bbox 1364 1248 1495 1303; x_wconf 87' lang='lat' dir='ltr'>Quod</span> <span class='ocrx_word' id='word_1_125' title='bbox 1527 1250 1638 1290; x_wconf 88' lang='lat' dir='ltr'>enim</span> 
     </span>
     <span class='ocr_line' id='line_1_16' title="bbox 215 1324 1641 1382; baseline -0.004 -13"><span class='ocrx_word' id='word_1_126' title='bbox 215 1327 295 1369; x_wconf 87' lang='lat' dir='ltr'>sibi</span> <span class='ocrx_word' id='word_1_127' title='bbox 325 1325 624 1381; x_wconf 82' lang='lat' dir='ltr'>intemperanti</span> <span class='ocrx_word' id='word_1_128' title='bbox 652 1325 831 1380; x_wconf 87' lang='lat' dir='ltr'>quadam</span> <span class='ocrx_word' id='word_1_129' title='bbox 862 1324 1019 1380; x_wconf 81' lang='lat' dir='ltr'>pietate</span> <span class='ocrx_word' id='word_1_130' title='bbox 1049 1325 1238 1374; x_wconf 77' lang='lat' dir='ltr'>finxerat,</span> <span class='ocrx_word' id='word_1_131' title='bbox 1268 1325 1503 1366; x_wconf 87' lang='lat' dir='ltr'>inferorum</span> <span class='ocrx_word' id='word_1_132' title='bbox 1533 1343 1641 1382; x_wconf 89' lang='lat' dir='ltr'>poe-</span> 
     </span>
     <span class='ocr_line' id='line_1_17' title="bbox 216 1402 1639 1458; baseline -0.001 -12"><span class='ocrx_word' id='word_1_133' title='bbox 216 1422 288 1446; x_wconf 83' lang='lat' dir='ltr'>nas</span> <span class='ocrx_word' id='word_1_134' title='bbox 318 1420 404 1445; x_wconf 91' lang='lat' dir='ltr'>non</span> <span class='ocrx_word' id='word_1_135' title='bbox 435 1404 485 1443; x_wconf 85' lang='lat' dir='ltr'>ad</span> <span class='ocrx_word' id='word_1_136' title='bbox 517 1415 727 1443; x_wconf 81' lang='lat' dir='ltr'>aeternam</span> <span class='ocrx_word' id='word_1_137' title='bbox 759 1402 990 1453; x_wconf 89' lang='lat' dir='ltr'>ultionem,</span> <span class='ocrx_word' id='word_1_138' title='bbox 1028 1404 1103 1443; x_wconf 89' lang='lat' dir='ltr'>sed</span> <span class='ocrx_word' id='word_1_139' title='bbox 1140 1403 1193 1443; x_wconf 84' lang='lat' dir='ltr'>ad</span> <span class='ocrx_word' id='word_1_140' title='bbox 1232 1404 1448 1458; x_wconf 84' lang='lat' dir='ltr'>purganda</span> <span class='ocrx_word' id='word_1_141' title='bbox 1488 1416 1529 1444; x_wconf 92' lang='lat' dir='ltr'>et</span> <span class='ocrx_word' id='word_1_142' title='bbox 1570 1421 1639 1445; x_wconf 85' lang='lat' dir='ltr'>ex-</span> 
     </span>
     <span class='ocr_line' id='line_1_18' title="bbox 216 1480 1637 1539; baseline -0.001 -15"><span class='ocrx_word' id='word_1_143' title='bbox 216 1482 438 1539; x_wconf 85' lang='lat' dir='ltr'>coquenda</span> <span class='ocrx_word' id='word_1_144' title='bbox 459 1480 558 1521; x_wconf 70' lang='lat' dir='ltr'>vitia</span> <span class='ocrx_word' id='word_1_145' title='bbox 584 1480 821 1536; x_wconf 85' lang='lat' dir='ltr'>pertinere;</span> <span class='ocrx_word' id='word_1_146' title='bbox 852 1505 903 1511; x_wconf 92' lang='lat'>-—</span> <span class='ocrx_word' id='word_1_147' title='bbox 933 1497 1057 1536; x_wconf 85' lang='lat' dir='ltr'>quam</span> <span class='ocrx_word' id='word_1_148' title='bbox 1086 1496 1210 1535; x_wconf 81' lang='lat' dir='ltr'>saepe</span> <span class='ocrx_word' id='word_1_149' title='bbox 1233 1480 1315 1520; x_wconf 90' lang='lat' dir='ltr'>hoc</span> <span class='ocrx_word' id='word_1_150' title='bbox 1348 1494 1637 1523; x_wconf 86' lang='lat' dir='ltr'>commentum</span> 
     </span>
     <span class='ocr_line' id='line_1_19' title="bbox 212 1557 1637 1614; baseline -0.001 -13"><span class='ocrx_word' id='word_1_151' title='bbox 212 1560 416 1609; x_wconf 75' lang='lat' dir='ltr'>insinuat,</span> <span class='ocrx_word' id='word_1_152' title='bbox 458 1575 554 1598; x_wconf 90' lang='lat' dir='ltr'>cum</span> <span class='ocrx_word' id='word_1_153' title='bbox 591 1557 903 1598; x_wconf 87' lang='lat' dir='ltr'>haereticorum</span> <span class='ocrx_word' id='word_1_154' title='bbox 940 1557 1071 1614; x_wconf 83' lang='lat' dir='ltr'>impia</span> <span class='ocrx_word' id='word_1_155' title='bbox 1109 1557 1151 1598; x_wconf 86' lang='lat' dir='ltr'>in</span> <span class='ocrx_word' id='word_1_156' title='bbox 1185 1557 1397 1599; x_wconf 84' lang='lat' dir='ltr'>Creatoris</span> <span class='ocrx_word' id='word_1_157' title='bbox 1436 1559 1637 1600; x_wconf 82' lang='lat' dir='ltr'>severita-</span> 
     </span>
     <span class='ocr_line' id='line_1_20' title="bbox 212 1634 1634 1690; baseline -0.001 -11"><span class='ocrx_word' id='word_1_158' title='bbox 212 1652 299 1680; x_wconf 88' lang='lat' dir='ltr'>tem</span> <span class='ocrx_word' id='word_1_159' title='bbox 331 1636 524 1678; x_wconf 80' lang='lat' dir='ltr'>convicia</span> <span class='ocrx_word' id='word_1_160' title='bbox 553 1635 713 1676; x_wconf 86' lang='lat' dir='ltr'>refellit</span> <span class='ocrx_word' id='word_1_161' title='bbox 743 1653 820 1688; x_wconf 78' lang='lat'>—3</span> <span class='ocrx_word' id='word_1_162' title='bbox 850 1636 991 1676; x_wconf 89' lang='lat' dir='ltr'>nullus</span> <span class='ocrx_word' id='word_1_163' title='bbox 1025 1634 1188 1684; x_wconf 82' lang='lat' dir='ltr'>dubito,</span> <span class='ocrx_word' id='word_1_164' title='bbox 1222 1635 1322 1690; x_wconf 88' lang='lat' dir='ltr'>quin</span> <span class='ocrx_word' id='word_1_165' title='bbox 1355 1635 1467 1676; x_wconf 88' lang='lat' dir='ltr'>idem</span> <span class='ocrx_word' id='word_1_166' title='bbox 1499 1637 1634 1678; x_wconf 87' lang='lat' dir='ltr'>factu-</span> 
     </span>
     <span class='ocr_line' id='line_1_21' title="bbox 210 1712 1632 1770; baseline -0.001 -13"><span class='ocrx_word' id='word_1_167' title='bbox 210 1733 279 1757; x_wconf 87' lang='lat' dir='ltr'>rus</span> <span class='ocrx_word' id='word_1_168' title='bbox 311 1715 470 1765; x_wconf 88' lang='lat' dir='ltr'>fuisset,</span> <span class='ocrx_word' id='word_1_169' title='bbox 501 1725 693 1770; x_wconf 85' lang='lat' dir='ltr'>suscepta</span> <span class='ocrx_word' id='word_1_170' title='bbox 722 1713 938 1766; x_wconf 86' lang='lat' dir='ltr'>religionis</span> <span class='ocrx_word' id='word_1_171' title='bbox 971 1723 1115 1753; x_wconf 89' lang='lat' dir='ltr'>contra</span> <span class='ocrx_word' id='word_1_172' title='bbox 1136 1712 1340 1753; x_wconf 79' lang='lat' dir='ltr'>Ethnicos</span> <span class='ocrx_word' id='word_1_173' title='bbox 1372 1713 1632 1764; x_wconf 85' lang='lat' dir='ltr'>defensione,</span> 
     </span>
     <span class='ocr_line' id='line_1_22' title="bbox 210 1784 1632 1847; baseline -0.001 -12"><span class='ocrx_word' id='word_1_174' title='bbox 210 1793 243 1835; x_wconf 86' lang='lat' dir='ltr'>si</span> <span class='ocrx_word' id='word_1_175' title='bbox 271 1784 401 1834; x_wconf 54' lang='lat' dir='ltr'>ut‘ad</span> <span class='ocrx_word' id='word_1_176' title='bbox 440 1791 630 1832; x_wconf 82' lang='lat' dir='ltr'>tollenda</span> <span class='ocrx_word' id='word_1_177' title='bbox 667 1807 902 1847; x_wconf 88' lang='lat' dir='ltr'>poenarum</span> <span class='ocrx_word' id='word_1_178' title='bbox 938 1789 1195 1831; x_wconf 83' lang='lat' dir='ltr'>aeternitatis</span> <span class='ocrx_word' id='word_1_179' title='bbox 1232 1788 1528 1842; x_wconf 80' lang='lat' dir='ltr'>incommoda,</span> <span class='ocrx_word' id='word_1_180' title='bbox 1574 1791 1632 1833; x_wconf 79' lang='lat' dir='ltr'>ita</span> 
     </span>
     <span class='ocr_line' id='line_1_23' title="bbox 211 1867 1629 1926; baseline -0.001 -15"><span class='ocrx_word' id='word_1_181' title='bbox 211 1871 337 1911; x_wconf 87' lang='lat' dir='ltr'>etiam</span> <span class='ocrx_word' id='word_1_182' title='bbox 386 1870 441 1910; x_wconf 89' lang='lat' dir='ltr'>ad</span> <span class='ocrx_word' id='word_1_183' title='bbox 484 1869 762 1923; x_wconf 81' lang='lat' dir='ltr'>minuendum</span> <span class='ocrx_word' id='word_1_184' title='bbox 816 1869 902 1910; x_wconf 86' lang='lat' dir='ltr'>Dei</span> <span class='ocrx_word' id='word_1_185' title='bbox 950 1868 1153 1909; x_wconf 85' lang='lat' dir='ltr'>incarnati</span> <span class='ocrx_word' id='word_1_186' title='bbox 1197 1867 1465 1925; x_wconf 79' lang='lat' dir='ltr'>mysterium,</span> <span class='ocrx_word' id='word_1_187' title='bbox 1512 1871 1629 1926; x_wconf 86' lang='lat' dir='ltr'>quod</span> 
     </span>
     <span class='ocr_line' id='line_1_24' title="bbox 207 1945 1628 2002; baseline 0 -14"><span class='ocrx_word' id='word_1_188' title='bbox 207 1948 346 1988; x_wconf 88' lang='lat' dir='ltr'>multo</span> <span class='ocrx_word' id='word_1_189' title='bbox 384 1946 677 1988; x_wconf 84' lang='lat' dir='ltr'>incredibilius</span> <span class='ocrx_word' id='word_1_190' title='bbox 724 1946 969 1995; x_wconf 81' lang='lat' dir='ltr'>videbatur,</span> <span class='ocrx_word' id='word_1_191' title='bbox 1017 1946 1200 2002; x_wconf 79' lang='lat' dir='ltr'>aliquam</span> <span class='ocrx_word' id='word_1_192' title='bbox 1239 1945 1351 1985; x_wconf 79' lang='lat' dir='ltr'>viam</span> <span class='ocrx_word' id='word_1_193' title='bbox 1388 1945 1628 1989; x_wconf 82' lang='lat' dir='ltr'>invenisset.</span> 
     </span>
     <span class='ocr_line' id='line_1_25' title="bbox 207 2023 1627 2080; baseline -0.001 -14"><span class='ocrx_word' id='word_1_194' title='bbox 207 2027 266 2066; x_wconf 89' lang='lat' dir='ltr'>At</span> <span class='ocrx_word' id='word_1_195' title='bbox 296 2040 380 2080; x_wconf 92' lang='lat' dir='ltr'>quo</span> <span class='ocrx_word' id='word_1_196' title='bbox 412 2023 579 2064; x_wconf 89' lang='lat' dir='ltr'>stultius</span> <span class='ocrx_word' id='word_1_197' title='bbox 610 2024 778 2064; x_wconf 83' lang='lat' dir='ltr'>videtur</span> <span class='ocrx_word' id='word_1_198' title='bbox 808 2024 934 2066; x_wconf 91' lang='lat' dir='ltr'>Celso</span> <span class='ocrx_word' id='word_1_199' title='bbox 973 2024 1116 2064; x_wconf 90' lang='lat' dir='ltr'>Deum</span> <span class='ocrx_word' id='word_1_200' title='bbox 1154 2023 1372 2064; x_wconf 89' lang='lat' dir='ltr'>hominem</span> <span class='ocrx_word' id='word_1_201' title='bbox 1413 2023 1529 2073; x_wconf 82' lang='lat' dir='ltr'>fieri,</span> <span class='ocrx_word' id='word_1_202' title='bbox 1575 2040 1627 2065; x_wconf 90' lang='lat' dir='ltr'>eo</span> 
     </span>
     <span class='ocr_line' id='line_1_26' title="bbox 206 2101 1628 2159; baseline -0.001 -16"><span class='ocrx_word' id='word_1_203' title='bbox 206 2103 340 2143; x_wconf 83' lang='lat' dir='ltr'>acrius</span> <span class='ocrx_word' id='word_1_204' title='bbox 370 2102 452 2142; x_wconf 85' lang='lat' dir='ltr'>hoc</span> <span class='ocrx_word' id='word_1_205' title='bbox 483 2101 730 2159; x_wconf 69' lang='lat' dir='ltr'>mysterium</span> <span class='ocrx_word' id='word_1_206' title='bbox 760 2114 903 2143; x_wconf 89' lang='lat' dir='ltr'>tuetur</span> <span class='ocrx_word' id='word_1_207' title='bbox 934 2102 1162 2154; x_wconf 86' lang='lat' dir='ltr'>Origenes,</span> <span class='ocrx_word' id='word_1_208' title='bbox 1190 2117 1268 2141; x_wconf 90' lang='lat' dir='ltr'>nec</span> <span class='ocrx_word' id='word_1_209' title='bbox 1298 2101 1423 2141; x_wconf 80' lang='lat' dir='ltr'>aliam</span> <span class='ocrx_word' id='word_1_210' title='bbox 1453 2101 1628 2142; x_wconf 79' lang='lat' dir='ltr'>adhibet</span> 
     </span>
     <span class='ocr_line' id='line_1_27' title="bbox 203 2178 1626 2235; baseline -0.001 -14"><span class='ocrx_word' id='word_1_211' title='bbox 203 2180 267 2221; x_wconf 88' lang='lat' dir='ltr'>rei</span> <span class='ocrx_word' id='word_1_212' title='bbox 297 2179 568 2235; x_wconf 81' lang='lat' dir='ltr'>explicandae</span> <span class='ocrx_word' id='word_1_213' title='bbox 597 2179 828 2229; x_wconf 82' lang='lat' dir='ltr'>rationem,</span> <span class='ocrx_word' id='word_1_214' title='bbox 866 2195 993 2235; x_wconf 80' lang='lat' dir='ltr'>quam</span> <span class='ocrx_word' id='word_1_215' title='bbox 1031 2195 1054 2219; x_wconf 84' lang='lat' dir='ltr'>a</span> <span class='ocrx_word' id='word_1_216' title='bbox 1089 2179 1283 2219; x_wconf 82' lang='lat' dir='ltr'>Patribus</span> <span class='ocrx_word' id='word_1_217' title='bbox 1324 2189 1469 2219; x_wconf 86' lang='lat' dir='ltr'>contra</span> <span class='ocrx_word' id='word_1_218' title='bbox 1505 2178 1626 2220; x_wconf 86' lang='lat' dir='ltr'>Aria-</span> 
     </span>
     <span class='ocr_line' id='line_1_28' title="bbox 203 2255 1624 2312; baseline 0.001 -15"><span class='ocrx_word' id='word_1_219' title='bbox 203 2274 282 2298; x_wconf 86' lang='lat' dir='ltr'>nos</span> <span class='ocrx_word' id='word_1_220' title='bbox 312 2256 519 2308; x_wconf 81' lang='lat' dir='ltr'>adhibita3</span> <span class='ocrx_word' id='word_1_221' title='bbox 549 2272 628 2297; x_wconf 92' lang='lat' dir='ltr'>nec</span> <span class='ocrx_word' id='word_1_222' title='bbox 659 2256 739 2296; x_wconf 84' lang='lat' dir='ltr'>alia</span> <span class='ocrx_word' id='word_1_223' title='bbox 771 2268 1035 2308; x_wconf 82' lang='lat' dir='ltr'>argumenta,</span> <span class='ocrx_word' id='word_1_224' title='bbox 1065 2272 1190 2312; x_wconf 86' lang='lat' dir='ltr'>quam</span> <span class='ocrx_word' id='word_1_225' title='bbox 1221 2270 1327 2312; x_wconf 83' lang='lat' dir='ltr'>quae</span> <span class='ocrx_word' id='word_1_226' title='bbox 1357 2255 1487 2296; x_wconf 80' lang='lat' dir='ltr'>fidem</span> <span class='ocrx_word' id='word_1_227' title='bbox 1517 2255 1624 2298; x_wconf 87' lang='lat' dir='ltr'>tanti</span> 
     </span>
     <span class='ocr_line' id='line_1_29' title="bbox 202 2334 797 2393; baseline -0.003 -17"><span class='ocrx_word' id='word_1_228' title='bbox 202 2334 392 2393; x_wconf 67' lang='lat' dir='ltr'>mysterii</span> <span class='ocrx_word' id='word_1_229' title='bbox 421 2335 560 2375; x_wconf 87' lang='lat' dir='ltr'>facere</span> <span class='ocrx_word' id='word_1_230' title='bbox 589 2334 797 2389; x_wconf 87' lang='lat' dir='ltr'>possint.“</span> 
     </span>
    </p>

    <p class='ocr_par' dir='ltr' id='par_1_3' title="bbox 192 2409 1621 2933">
     <span class='ocr_line' id='line_1_30' title="bbox 313 2409 1621 2469; baseline 0.001 -16"><span class='ocrx_word' id='word_1_231' title='bbox 313 2414 391 2462; x_wconf 89' lang='lat' dir='ltr'>„In</span> <span class='ocrx_word' id='word_1_232' title='bbox 432 2413 599 2453; x_wconf 90' lang='lat' dir='ltr'>duobus</span> <span class='ocrx_word' id='word_1_233' title='bbox 637 2409 785 2467; x_wconf 89' lang='lat' dir='ltr'>primis</span> <span class='ocrx_word' id='word_1_234' title='bbox 823 2410 940 2451; x_wconf 84' lang='lat' dir='ltr'>libris</span> <span class='ocrx_word' id='word_1_235' title='bbox 977 2409 1190 2451; x_wconf 89' lang='lat' dir='ltr'>refellitur</span> <span class='ocrx_word' id='word_1_236' title='bbox 1232 2411 1442 2462; x_wconf 81' lang='lat' dir='ltr'>Judaens,</span> <span class='ocrx_word' id='word_1_237' title='bbox 1493 2429 1621 2469; x_wconf 90' lang='lat' dir='ltr'>quem</span> 
     </span>
     <span class='ocr_line' id='line_1_31' title="bbox 203 2488 1619 2545; baseline 0 -12"><span class='ocrx_word' id='word_1_238' title='bbox 203 2491 348 2533; x_wconf 87' lang='lat' dir='ltr'>Celsus</span> <span class='ocrx_word' id='word_1_239' title='bbox 389 2489 636 2545; x_wconf 89' lang='lat' dir='ltr'>loquentem</span> <span class='ocrx_word' id='word_1_240' title='bbox 675 2488 861 2530; x_wconf 85' lang='lat' dir='ltr'>inducit:</span> <span class='ocrx_word' id='word_1_241' title='bbox 910 2500 952 2529; x_wconf 87' lang='lat' dir='ltr'>et</span> <span class='ocrx_word' id='word_1_242' title='bbox 998 2504 1083 2543; x_wconf 91' lang='lat' dir='ltr'>quo</span> <span class='ocrx_word' id='word_1_243' title='bbox 1124 2488 1414 2543; x_wconf 85' lang='lat' dir='ltr'>impudentius</span> <span class='ocrx_word' id='word_1_244' title='bbox 1453 2489 1531 2531; x_wconf 87' lang='lat' dir='ltr'>iste</span> <span class='ocrx_word' id='word_1_245' title='bbox 1573 2491 1619 2533; x_wconf 86' lang='lat' dir='ltr'>in</span> 
     </span>
     <span class='ocr_line' id='line_1_32' title="bbox 201 2564 1618 2624; baseline 0 -15"><span class='ocrx_word' id='word_1_246' title='bbox 201 2567 357 2610; x_wconf 85' lang='lat' dir='ltr'>Christi</span> <span class='ocrx_word' id='word_1_247' title='bbox 388 2567 650 2608; x_wconf 77' lang='lat' dir='ltr'>divinitatem</span> <span class='ocrx_word' id='word_1_248' title='bbox 679 2566 866 2624; x_wconf 77' lang='lat' dir='ltr'>jocatur,</span> <span class='ocrx_word' id='word_1_249' title='bbox 905 2582 954 2607; x_wconf 81' lang='lat' dir='ltr'>eo</span> <span class='ocrx_word' id='word_1_250' title='bbox 996 2564 1130 2606; x_wconf 86' lang='lat' dir='ltr'>acrius</span> <span class='ocrx_word' id='word_1_251' title='bbox 1172 2581 1264 2605; x_wconf 89' lang='lat' dir='ltr'>eam</span> <span class='ocrx_word' id='word_1_252' title='bbox 1293 2577 1436 2607; x_wconf 90' lang='lat' dir='ltr'>tuetur</span> <span class='ocrx_word' id='word_1_253' title='bbox 1467 2567 1618 2621; x_wconf 86' lang='lat' dir='ltr'>Orige-</span> 
     </span>
     <span class='ocr_line' id='line_1_33' title="bbox 196 2643 1615 2699; baseline 0.001 -13"><span class='ocrx_word' id='word_1_254' title='bbox 196 2662 284 2687; x_wconf 79' lang='lat' dir='ltr'>neS.</span> <span class='ocrx_word' id='word_1_255' title='bbox 343 2646 618 2686; x_wconf 82' lang='lat' dir='ltr'>Demonstrat</span> <span class='ocrx_word' id='word_1_256' title='bbox 647 2645 720 2686; x_wconf 89' lang='lat' dir='ltr'>lib.</span> <span class='ocrx_word' id='word_1_257' title='bbox 748 2646 783 2688; x_wconf 88' lang='lat' dir='ltr'>I.</span> <span class='ocrx_word' id='word_1_258' title='bbox 814 2662 927 2685; x_wconf 89' lang='lat' dir='ltr'>num.</span> <span class='ocrx_word' id='word_1_259' title='bbox 950 2643 1017 2687; x_wconf 69' lang='grc'><strong>3-1.</strong></span> <span class='ocrx_word' id='word_1_260' title='bbox 1048 2660 1071 2684; x_wconf 84' lang='lat' dir='ltr'>a</span> <span class='ocrx_word' id='word_1_261' title='bbox 1100 2643 1318 2699; x_wconf 86' lang='lat' dir='ltr'>prophetis</span> <span class='ocrx_word' id='word_1_262' title='bbox 1347 2645 1615 2699; x_wconf 86' lang='lat' dir='ltr'>praedictum</span> 
     </span>
     <span class='ocr_line' id='line_1_34' title="bbox 197 2720 1613 2780; baseline 0.003 -18"><span class='ocrx_word' id='word_1_263' title='bbox 197 2738 285 2763; x_wconf 89' lang='lat' dir='ltr'>esse</span> <span class='ocrx_word' id='word_1_264' title='bbox 315 2722 572 2763; x_wconf 85' lang='lat' dir='ltr'>nasciturum</span> <span class='ocrx_word' id='word_1_265' title='bbox 603 2739 650 2763; x_wconf 79' lang='lat' dir='ltr'>ex</span> <span class='ocrx_word' id='word_1_266' title='bbox 681 2723 864 2776; x_wconf 82' lang='lat' dir='ltr'>virgine,</span> <span class='ocrx_word' id='word_1_267' title='bbox 894 2721 971 2765; x_wconf 75' lang='grc' dir='ltr'>τὸν</span> <span class='ocrx_word' id='word_1_268' title='bbox 1002 2721 1250 2780; x_wconf 68' lang='grc' dir='ltr'>ἐπώνυμον</span> <span class='ocrx_word' id='word_1_269' title='bbox 1278 2724 1357 2765; x_wconf 81' lang='grc' dir='ltr'>τοῦ</span> <span class='ocrx_word' id='word_1_270' title='bbox 1389 2720 1613 2779; x_wconf 74' lang='grc' dir='ltr'><em>πράγμα-</em></span> 
     </span>
     <span class='ocr_line' id='line_1_35' title="bbox 192 2797 1614 2855; baseline -0.001 -13"><span class='ocrx_word' id='word_1_271' title='bbox 192 2816 280 2854; x_wconf 79' lang='grc' dir='ltr'><em>τος,</em></span> <span class='ocrx_word' id='word_1_272' title='bbox 312 2812 428 2850; x_wconf 81' lang='lat' dir='ltr'>eum,</span> <span class='ocrx_word' id='word_1_273' title='bbox 458 2801 535 2855; x_wconf 75' lang='lat' dir='ltr'>qni</span> <span class='ocrx_word' id='word_1_274' title='bbox 561 2813 621 2842; x_wconf 77' lang='lat' dir='ltr'>ex</span> <span class='ocrx_word' id='word_1_275' title='bbox 650 2814 702 2843; x_wconf 79' lang='lat' dir='ltr'>re</span> <span class='ocrx_word' id='word_1_276' title='bbox 731 2813 892 2842; x_wconf 80' lang='lat' dir='ltr'>nomen</span> <span class='ocrx_word' id='word_1_277' title='bbox 922 2798 1076 2850; x_wconf 72' lang='lat' dir='ltr'>habet,</span> <span class='ocrx_word' id='word_1_278' title='bbox 1107 2801 1214 2855; x_wconf 71' lang='lat' dir='ltr'>quia</span> <span class='ocrx_word' id='word_1_279' title='bbox 1243 2811 1292 2840; x_wconf 81' lang='lat' dir='ltr'>eo</span> <span class='ocrx_word' id='word_1_280' title='bbox 1324 2806 1436 2840; x_wconf 77' lang='lat' dir='ltr'>nato</span> <span class='ocrx_word' id='word_1_281' title='bbox 1466 2797 1614 2842; x_wconf 71' lang='lat' dir='ltr'>nobis-</span> 
     </span>
     <span class='ocr_line' id='line_1_36' title="bbox 195 2876 1612 2933; baseline -0.001 -14"><span class='ocrx_word' id='word_1_282' title='bbox 195 2889 295 2919; x_wconf 84' lang='lat' dir='ltr'>cum</span> <span class='ocrx_word' id='word_1_283' title='bbox 311 2876 518 2932; x_wconf 80' lang='lat' dir='ltr'>futurus</span> <span class='ocrx_word' id='word_1_284' title='bbox 546 2886 652 2922; x_wconf 82' lang='lat' dir='ltr'>erat</span> <span class='ocrx_word' id='word_1_285' title='bbox 681 2879 819 2923; x_wconf 78' lang='lat' dir='ltr'>Deus.</span> <span class='ocrx_word' id='word_1_286' title='bbox 882 2877 1048 2933; x_wconf 85' lang='lat' dir='ltr'>Quibus</span> <span class='ocrx_word' id='word_1_287' title='bbox 1089 2876 1225 2919; x_wconf 82' lang='lat' dir='ltr'>verbis</span> <span class='ocrx_word' id='word_1_288' title='bbox 1266 2877 1450 2919; x_wconf 80' lang='lat' dir='ltr'>declarat</span> <span class='ocrx_word' id='word_1_289' title='bbox 1490 2877 1612 2919; x_wconf 83' lang='lat' dir='ltr'>Chri-</span> 
     </span>
    </p>
   </div>
  </div>
 </body>
</html>
