1759 3125
484 132 878 173 Omenmmonum
919 132 1057 174 Lim-:iz
1089 135 1122 173 Ι.
1457 138 1509 181 19

87 246 264 299 βιβλίον
303 234 438 300 εὖρον
469 241 558 298 ἐγώ
590 241 717 300 παρᾶ
749 242 968 303 Ἰουλιανῇ
999 249 1217 303 παρθένῳ
1247 246 1298 289 ἐν
1327 252 1503 292 Καισα-

87 325 198 377 ρείᾳ,
233 317 545 376 κρυπτόμενος
561 320 685 376 κάγώ
711 319 814 377 παρ’
837 321 962 380 αὐτῇ.
1004 320 1129 370 “Huc
1152 322 1275 379 ἔλεγε
1292 323 1395 380 παρ’
1421 324 1507 367 αι’-

86 400 165 440 ·ιοῦ
195 394 456 454 Συμμάχου
487 400 566 441 τοῦ
598 398 824 452 ἑρμηνέως
862 401 952 441 τῶν
979 397 1215 442 Ἰουδαίων
1245 400 1352 444 αὐτὸ
1385 404 1506 455 εἰλη-

87 478 236 531 ᾳέναι.
307 474 534 515 Manifesta
578 474 681 515 haec
726 474 807 515 sibi
844 488 1098 530 repugnant:
1143 493 1239 517 nam
1278 477 1312 518 si
1351 479 1505 519 librum

84 551 206 591 illum
236 568 361 591 manu
394 567 465 591 sua
497 551 677 592 exaravit
703 552 920 603 Origenes,
953 555 1171 608 quomodo
1192 553 1314 594 illum
1342 571 1363 595 a
1384 556 1506 614 Sym-

85 628 236 668 macho
276 628 428 667 habere
468 628 611 683 potuit
649 628 844 672 Juliana?
892 632 1111 685 quomodo
1151 648 1247 670 eum
1290 633 1400 687 apud
1430 633 1506 674 Ju-

85 705 236 745 lianam
262 705 463 756 Origenes
493 704 709 759 reperire?
738 707 868 758 Lege:
892 705 1006 763 ἅπερ
1038 709 1316 764 ἐγέγραπτο·
1346 709 1506 764 procli-

82 782 148 823 via
178 783 281 822 fient
313 781 467 821 onmia.
538 782 639 822 Sese
680 781 720 822 in
762 782 1053 838 antiquissimo
1095 785 1205 826 libro
1246 786 1371 826 verbi
1403 786 1503 827 haec

82 875 207 899 manu
239 858 432 910 Origenis
471 858 624 914 scripta
664 859 867 914 reperisse
909 860 966 901 ait
1006 861 1243 903 Palladius:
1285 868 1423 906 Hunc
1451 863 1503 906 [ι’-

82 937 215 976 hrum
253 937 409 977 inveni
443 933 570 991 apud
604 935 845 978 „lulianam
883 939 1134 992 virginem,
1184 941 1232 981 in
1273 938 1504 983 Caesarea
1556 978 1559 979 γ

80 1015 283 1067 civitate,
313 1011 420 1054 dum
453 1011 584 1068 apud
608 1016 754 1069 ipsam
786 1013 991 1065 laterem,
1030 1017 1292 1072 qnaeillam
1323 1019 1381 1060 ab
1408 1020 1501 1074 ipso

79 1089 349 1144 Symmacho
382 1093 636 1146 interprete
664 1089 948 1134 Judaeorum
987 1105 1034 1133 se
1065 1095 1287 1149 accepisse
1315 1094 1501 1149 refere—

82 1169 176 1211 bat,
245 1167 461 1221 Quoniam
499 1180 639 1208 autem
681 1169 783 1209 alibi
824 1170 950 1210 docet
987 1170 1272 1228 Eusebius‚¹)
1312 1173 1502 1230 Symma-

81 1245 148 1285 chi
180 1245 517 1286 Commentarios
548 1245 590 1285 in
612 1246 886 1298 Evangelium
916 1247 1132 1297 Matthaei,
1165 1260 1207 1289 et
1235 1251 1286 1289 ab
1320 1267 1368 1290 eo
1402 1267 1502 1290 con-

80 1322 287 1363 cinnatam
318 1322 561 1377 Scripturae
591 1323 1000 1378 interpretationem,
1033 1341 1054 1365 a
1084 1326 1251 1367 ,Iuliana
1273 1326 1499 1380 Origenem

77 1400 309 1455 accepisse,
352 1416 456 1456 quae
499 1416 546 1440 ea
577 1417 708 1455 porro
738 1400 828 1456 jure
860 1402 1135 1444 successionis
1166 1405 1217 1443 ab
1248 1403 1340 1459 ipso
1372 1405 1500 1459 Sym-

76 1478 225 1518 macho
257 1479 448 1526 habebat,
481 1477 578 1518 inde
610 1478 784 1530 collegit
813 1479 1040 1530 Bai-onius,
1083 1496 1130 1519 ex
1171 1479 1220 1519 iis
1259 1481 1500 1538 Symmachi

76 1554 194 1595 libris
238 1555 480 1595 memoratis
527 1557 577 1594 ab
621 1555 808 1595 Eusebio
858 1571 987 1594 unum
1036 1572 1132 1596 eum
1176 1555 1325 1607 fuisse,
1373 1574 1499 1613 quem

74 1648 201 1671 manu
233 1632 426 1683 Origcnis
458 1643 649 1671 notatum
690 1632 795 1672 vidit
837 1631 1073 1673 Palladius:
1116 1633 1183 1672 vel
1230 1634 1499 1676 Commenta-

75 1708 160 1748 rios
190 1724 342 1763 nempe
389 1708 431 1748 in
471 1709 756 1760 Mamaeum,
802 1708 868 1747 vel
916 1709 1318 1765 Interpretationem
1364 1711 1498 1768 ipsam

76 1784 330 1838 Scripturae.
404 1785 625 1826 Praeterea
664 1802 749 1826 non
797 1785 877 1826 alia
918 1786 1145 1838 Origenem
1188 1789 1240 1828 (le
1282 1806 1402 1830 causa
1441 1790 1499 1831 la-

73 1862 202 1902 tuisse
233 1863 345 1917 apud
374 1862 586 1903 Julianam
617 1863 797 1913 censuit,
838 1880 961 1918 quam
1004 1877 1052 1905 ut
1081 1866 1265 1920 aliquam
1294 1866 1499 1906 Ethnico-

75 1955 171 1979 rum
218 1940 413 1979 adversus
464 1939 720 1980 Christianos
768 1941 1109 1995 persecutionem
1158 1943 1384 1994 devitaret,
1430 1946 1497 1985 vel

75 2015 222 2057 Severi
251 2015 434 2065 scilicet,
475 2017 542 2056 vel
572 2016 815 2066 B'Iaximini,
853 2018 920 2058 vel
951 2018 1098 2059 Decii:
1142 2037 1237 2061 cum
1276 2021 1497 2062 blaximini

74 2105 212 2133 autem
255 2093 322 2133 vel
362 2092 487 2133 Decii
524 2105 658 2134 aetate
699 2093 742 2134 hi
779 2093 862 2151 jam
895 2095 1134 2153 Symmachi
1175 2097 1272 2139 libri
1305 2099 1498 2142 exiissent

73 2169 116 2210 in
146 2170 298 2220 lucem,
332 2182 372 2210 et
403 2171 453 2211 ad
486 2170 680 2222 Origenis
710 2172 890 2226 proinde
920 2173 1116 2215 notitiam
1148 2175 1376 2227 venissent,
1407 2190 1497 2219 tum

75 2258 185 2287 certe
218 2249 268 2287 ab
302 2263 351 2287 co
382 2246 508 2287 fuisse
539 2248 752 2298 inventos,
786 2251 886 2290 dum
917 2251 1064 2291 Severi
1093 2251 1256 2292 bellum
1287 2253 1329 2293 in
1362 2255 1496 2297 eccle·

72 2323 174 2364 siam
212 2324 406 2366 ferveret.
467 2325 709 2365 Halloxium
750 2326 873 2367 traxit
921 2327 963 2367 in
1003 2344 1211 2369 assensum
1245 2346 1292 2370 ea
1323 2331 1497 2374 Bal-onii

71 2401 192 2450 ratio,
225 2418 348 2457 quam
379 2405 608 2443 accuratius
639 2415 778 2444 tamen
813 2407 1082 2446 excutiamus.
1153 2406 1293 2460 Quem
1338 2408 1493 2452 librum

75 2477 268 2530 Origenis
300 2495 426 2518 manu
463 2491 657 2520 notatum
688 2480 840 2522 vidisse
880 2499 923 2522 se
971 2483 1029 2522 ait
1058 2483 1294 2535 Palladius,
1336 2486 1370 2528 is
1409 2500 1495 2529 erat

74 2554 405 2610 antiquissimus:
467 2557 582 2612 atqui
634 2557 871 2599 Palladium
929 2561 1120 2601 ducentis
1164 2561 1332 2603 circiter
1379 2565 1494 2605 annis

75 2630 347 2686 Symmachus
395 2635 628 2675 antecessit.
703 2637 769 2676 An
817 2653 917 2676 vero
964 2638 1245 2680 ducentorum
1289 2657 1494 2682 annorum

76 2706 242 2757 Codex,
286 2710 596 2765 antiquissimus
628 2713 712 2753 dici
750 2714 898 2769 possit,
931 2715 1168 2757 existiment
1206 2718 1384 2768 eruditi,
1423 2719 1493 2774 qui

194 2866 233 2919 ¹)
268 2866 354 2908 Csr.
385 2868 538 2913 Euseb.
572 2871 677 2912 Uist.
711 2873 871 2916 Ecclcs.
907 2875 978 2915 lib.
1014 2875 1083 2916 VI.
1118 2892 1211 2930 cap.
1247 2876 1310 2917 17.

1058 2951 1082 2975 ·)
1104 2959 1125 2975 ·.·.

1058 2983 1081 2992 κ
