1759 3125
259 88 316 130 94
659 83 802 123 Pmm
847 81 1058 121 DANffiLis
1089 80 1251 121 lluss‘rn

259 210 421 248 amant,
452 197 615 252 sibique
656 195 846 250 placent,
887 188 1055 248 quando
1096 193 1218 233 nobis
1266 196 1499 235 Auctorum
1542 196 1688 246 larvas,

260 277 367 318 veris
400 275 499 331 ipsis
531 272 777 313 deformatis
800 269 1074 318 Auctoribus,
1107 270 1368 326 objecerunt.
1419 275 1554 329 At'que
1586 273 1689 315 haec

258 354 387 412 pestis
417 351 523 393 nibil
553 367 639 391 non
672 360 893 404 pervagata
927 359 998 387 cst.
1078 347 1292 387 Plurimae
1335 349 1504 404 quidem
1544 353 1690 391 sordes

258 433 326 473 vel
361 447 438 487 per
467 427 673 484 temporis
707 424 1049 471 diuturnitatem,
1092 425 1159 464 vel
1200 442 1276 480 per
1318 425 1588 468 librariorum
1621 446 1689 468 so-

262 509 455 550 cordiam
485 504 772 560 Antiquorum
805 501 970 556 scriptis
1003 500 1120 541 allini
1153 513 1278 557 atque
1309 503 1607 545 adhaerescere
1638 506 1691 546 si-

258 600 324 628 tae
355 597 471 637 sunt;
503 596 543 623 at
575 598 640 622 eas
671 580 836 621 nonnisi
870 578 1108 618 manifestas
1132 578 1230 627 elui,
1261 594 1339 619 nec
1363 580 1586 636 quicquam
1610 583 1689 624 nisi

258 665 327 704 vel
359 664 458 704 Mss.
493 661 628 702 Codd.
663 675 766 713 opc,
808 658 873 696 vel
909 655 1031 696 certis
1063 667 1105 695 et
1137 656 1401 697 evidentibus
1433 660 1689 710 argumentis

257 740 456 797 supponi,
486 750 525 779 et
554 737 596 777 in
627 748 747 776 notas
779 733 920 789 potius
961 745 1073 773 extra
1114 734 1314 774 Auctoris
1358 734 1487 790 ipsius
1521 750 1690 777 contex-

256 832 362 867 tum,
395 813 660 872 quantumvis
693 824 813 853 acute
847 810 1046 862 cogitatas
1086 810 1348 868 conjecturas
1385 812 1507 870 rejici
1546 814 1688 855 vel-im.

260 896 345 938 Sed
376 895 478 933 haec
513 901 633 931 erant
663 888 834 929 alterius
866 887 965 928 loci.
1027 889 1149 928 Nunc
1182 890 1233 929 ad
1265 906 1369 931 rem.

370 971 443 1011 VI.
506 968 656 1022 Quoto
684 965 808 1006 Decii
839 981 948 1005 anno
982 966 1235 1007 cruciatibus
1266 979 1401 1008 tortus
1433 967 1561 1008 fuerit
1592 969 1692 1011 Ori-

259 1066 397 1104 genes,
428 1047 635 1096 nescitur;
679 1055 720 1084 at
751 1060 846 1083 cum
878 1042 1095 1083 biennium
1127 1044 1284 1084 Decius
1315 1044 1358 1084 in
1390 1044 1572 1100 imperio
1603 1062 1690 1086 non

260 1126 515 1184 expleverit,
557 1121 661 1163 levis
702 1133 762 1161 est
801 1119 1026 1161 dubitatio.
1087 1121 1137 1161 ld
1177 1122 1346 1162 videtur
1383 1139 1491 1163 anno
1535 1122 1690 1163 Christi

257 1206 378 1254 250„
425 1200 619 1254 Origenis
665 1199 755 1247 65„
800 1197 1133 1243 attribuendum,
1216 1200 1305 1239 Nec
1352 1212 1529 1254 apparet
1573 1199 1690 1249 item,

260 1282 482 1340 quomodo
523 1276 702 1318 vinculis
746 1275 910 1330 elapsus
948 1273 1013 1316 sit.
1083 1276 1173 1327 Ego
1210 1293 1311 1317 vero
1344 1277 1387 1317 id
1418 1294 1495 1332 per
1526 1277 1691 1317 obitum

258 1359 386 1401 Decii
419 1356 642 1408 contigisse
675 1353 852 1409 opinor,
905 1369 988 1408 quo
1030 1369 1052 1393 a
1091 1352 1287 1394 Barbaris
1321 1355 1463 1396 deleto
1497 1373 1591 1396 cum
1625 1373 1694 1396 ex-

260 1437 410 1485 ercitu,
439 1433 668 1488 imperium
702 1430 922 1486 capessivit
947 1430 1096 1471 Vibius
1130 1430 1291 1480 Gallus,
1323 1432 1484 1473 adscito
1516 1433 1559 1473 in
1593 1450 1693 1474 con-

257 1514 438 1556 sortium
468 1510 702 1551 Volusiano
734 1508 839 1549 filio,
886 1508 1008 1548 Tunc
1040 1508 1149 1547 enim
1181 1509 1460 1564 tranquillatis
1491 1510 1692 1551 Christia-

259 1609 416 1634 norum
447 1591 586 1638 rebus,
618 1588 858 1628 libertatem
891 1601 1061 1641 quoque
1093 1602 1210 1625 suam
1241 1587 1442 1641 adeptum
1463 1587 1691 1640 Origenem

259 1669 488 1711 verisimile
530 1678 602 1707 est.
664 1665 782 1718 At¹)
831 1679 883 1703 ne
929 1675 1021 1703 tum
1067 1662 1240 1718 quidem
1280 1676 1390 1704 aetas
1435 1666 1485 1705 ad
1527 1665 1690 1705 senium

260 1751 431 1796 devexa,
462 1744 681 1786 laboribus
711 1744 916 1789 fractum,
960 1740 1050 1781 otio
1091 1757 1138 1781 ac
1178 1741 1335 1782 desidia
1367 1742 1576 1784 mollivit:
1618 1744 1691 1783 sed

260 1826 327 1866 vix
360 1822 623 1876 aegritudine
654 1820 861 1861 relaxatus
894 1835 941 1858 ac
972 1817 1160 1868 miseria,
1203 1835 1308 1874 quae
1357 1836 1451 1859 eum
1494 1819 1538 1859 in
1567 1819 1693 1860 Decii

260 1902 429 1944 laniena
458 1916 591 1954 paene
625 1899 806 1946 eliserat,
838 1896 953 1945 aliis,
987 1913 1092 1951 quos
1126 1897 1272 1936 eadem
1304 1896 1508 1937 afflixerat
1539 1898 1692 1947 clades,

259 1979 382 2020 utilia
411 1976 562 2018 solatia
593 1992 670 2031 per
705 1974 904 2030 epistolas
935 1972 1278 2014 subministravit.
1330 1974 1380 2013 Id
1412 1975 1692 2015 ostendebant

257 2059 503 2099 innumerae
542 2053 629 2109 ejus
671 2051 896 2107 epistolae,
938 2066 1043 2104 quae
1081 2062 1179 2104 post
1216 2050 1450 2090 Decianam
1494 2052 1693 2092 vastatio-

258 2151 356 2176 nem
388 2131 581 2188 scriptae,
615 2142 656 2170 et
686 2129 823 2168 multo
856 2139 954 2181 post
986 2143 1007 2167 a
1038 2127 1118 2182 piis
1152 2139 1193 2167 et
1222 2129 1421 2168 studiosis
1448 2129 1690 2170 hominibus

259 2222 467 2259 servatae,
512 2218 718 2247 vetustate
761 2205 933 2244 demum
981 2204 1212 2258 perierunt.
1282 2206 1433 2246 Aliane
1472 2219 1691 2261 praeterea

258 2301 353 2330 ante
385 2298 569 2328 mortem
599 2281 731 2323 literis
763 2280 1050 2331 mandaverit,
1086 2281 1284 2335 quoniam
1318 2284 1368 2323 de
1403 2300 1453 2323 eo
1484 2284 1591 2324 nihil
1622 2301 1694 2324 an-

258 2365 368 2422 tiqui
398 2364 639 2418 Scriptores
670 2359 895 2407 tradidere,
930 2371 1198 2413 compertum
1230 2376 1316 2400 non
1350 2372 1423 2401 est.
1473 2361 1552 2402 Vix
1575 2363 1690 2401 credi

257 2455 397 2484 tamen
430 2451 592 2496 potest,
623 2436 1035 2493 impatientissimum
1083 2436 1159 2476 otii
1196 2437 1411 2490 ingenium
1441 2439 1492 2478 ab
1523 2451 1687 2479 assueto

257 2518 472 2560 scribendi
511 2517 682 2565 labore,
728 2530 811 2570 quo
852 2524 917 2553 tot
960 2513 1203 2554 elucubrata
1242 2516 1436 2555 feruntur
1478 2515 1688 2556 librorum

257 2596 406 2647 millia,
438 2592 742 2650 conquievisse.

377 2833 415 2887 ¹)
449 2830 535 2872 Cfr.
566 2830 720 2872 Euseb.
755 2830 862 2872 Hist.
897 2831 1043 2871 eccles.
1078 2830 1150 2871 lib.
1182 2831 1254 2871 VI.
1289 2847 1378 2885 cap,
1409 2830 1477 2874 39,
