1759 3125
490 97 876 139 OmeENiANonum
908 99 1049 139 Lmen
1081 100 1135 140 11.
1427 102 1510 147 313

100 210 274 252 arbitrio
317 210 367 249 de
392 223 550 248 ‘rerum
601 208 889 248 universarum
938 225 1099 250 summa
1139 211 1256 251 Deus
1298 212 1511 269 judicabit.

94 289 273 343 Utrique
306 296 444 326 autem
475 282 730 340 judiciorum
770 285 912 337 generi
950 302 1043 328 suas
1082 287 1248 328 videtur
1286 290 1508 342 assignasse

96 380 268 421 poenas,
297 378 368 402 sua
398 360 610 417 praemia3
641 378 686 402 ac
716 362 928 417 prioribus
960 365 1153 419 quidem,
1183 382 1261 421 pro
1296 368 1414 408 obito
1446 385 1511 409 re-

98 453 161 482 cte
193 439 362 488 officio,
409 439 552 479 laudes
583 450 624 479 et
654 438 851 491 gloriam3
889 456 968 495 pro
1009 457 1053 481 re
1084 443 1194 483 male
1226 456 1360 496 gesta,
1390 445 1506 498 igno·

95 516 265 558 miniam
299 527 340 556 et
370 516 572 556 dedecus:
616 517 843 570 posteriori
882 533 1005 568 vero,
1055 535 1134 574 pro
1165 521 1414 563 meritorum
1445 541 1511 564 ra-

93 594 224 644 tione,
257 591 566 634 diuturniorem
599 603 641 632 et
675 592 911 644 clariorem,
940 595 1005 635 vel
1031 596 1321 638 obscuriorem
1347 611 1388 640 et
1417 602 1513 641 bre-

96 672 283 721 viorem,
324 670 392 710 vel
422 670 607 719 nullam,
648 670 715 710 vel
755 683 964 712 aeternam
994 672 1079 713 Dei
1112 672 1329 716 visionem.
1391 677 1511 731 Quae

95 764 346 804 quamquam
377 763 463 787 non
494 747 688 787 distinete
718 748 830 802 apud
859 748 982 789 illum
1014 765 1204 805 expressa
1233 751 1432 804 invenias,
1464 772 1511 795 ex

95 825 181 882 ejus
220 837 359 866 tamen
399 823 697 865 assertionibus
734 824 856 865 facile
897 827 1177 870 deducuntur.
1246 830 1436 872 Homilia
1468 832 1509 872 in

94 904 219 944 Num.
250 902 318 945 20.
357 918 469 942 num.
500 900 539 945 3.
585 900 778 957 pluribus
823 915 1112 954 argumentum
1152 905 1260 947 illud
1307 907 1510 959 edisserit,

95 991 136 1020 et
168 979 336 1032 angelos
367 979 594 1035 unicuique
632 991 821 1019 nostrum
853 981 1125 1032 gubernando
1159 983 1395 1037 delegatos,
1440 1000 1512 1028 aut

96 1057 367 1097 ecclesiarum
405 1055 597 1109 regimini
642 1056 878 1106 adhibitos,
931 1057 997 1098 vel
1041 1075 1120 1113 pro
1166 1059 1388 1102 hominum
1433 1063 1513 1104 sibi

96 1134 350 1174 traditorum
379 1134 487 1173 bene
518 1132 641 1184 gestis
673 1133 973 1184 collaudatum,
1004 1135 1070 1174 vel
1101 1153 1180 1191 pro
1211 1139 1395 1193 peccatis
1426 1141 1514 1180 cul-

94 1223 238 1267 patum
279 1227 326 1250 ae
367 1210 630 1250 confutatum
669 1208 720 1250 iri
757 1210 960 1263 affirmat3
1008 1211 1136 1268 idque
1177 1230 1224 1254 ex
1267 1231 1317 1255 eo
1358 1219 1510 1272 probat

98 1287 470 1345 Apocalypseos¹)
507 1286 663 1343 capite,
711 1286 753 1327 in
792 1304 876 1343 quo
919 1288 1193 1331 Asiaticamm
1237 1293 1510 1335 ecclesiarum

95 1364 230 1417 angeli
262 1364 454 1404 laudibus
487 1375 528 1404 et
558 1364 955 1419 reprehensionibus
996 1382 1074 1421 pro
1106 1367 1266 1410 meritis
1298 1371 1512 1426 excipiun-

95 1453 184 1483 tur:
228 1441 416 1484 Venient
445 1441 578 1490 enim,
611 1440 747 1496 inquit
775 1458 889 1483 num.
921 1443 983 1493 4.‚
1015 1444 1178 1499 angeli
1203 1443 1268 1486 ad
1282 1445 1512 1502 judicium

96 1520 350 1570 nobiscum,
391 1523 437 1560 et
474 1518 666 1560 stabunt
700 1531 790 1574 pro
822 1520 950 1561 nobz's
981 1527 1092 1562 ante
1119 1521 1258 1563 solem
1275 1524 1510 1580 jztstz‘tc’ae‚

97 1609 153 1637 ne
185 1595 310 1643 forte
339 1594 503 1650 aliquis
542 1596 685 1636 etlam
723 1607 784 1637 ex
813 1598 920 1652 ipsis
959 1610 1148 1641 caussae
1171 1598 1357 1654 ficerz't,
1398 1602 1517 1658 quod

97 1686 178 1715 nos
208 1671 473 1728 deliquimus
482 1690 497 1723 ;
526 1685 582 1713 ne
600 1671 739 1727 forte
768 1675 918 1714 minus
945 1687 1065 1731 erga
1094 1690 1175 1718 nos
1203 1681 1350 1733 operis
1370 1687 1414 1721 et
1446 1681 1515 1722 la-

102 1749 222 1793 boris
252 1747 572 1806 expenderint,
603 1761 685 1804 quo
716 1762 796 1791 nos
825 1762 855 1791 a
880 1758 1174 1806 peccatorum
1198 1754 1301 1796 labe
1330 1769 1516 1798 recoca-

97 1833 216 1870 rent.
233 1828 275 1884 ²)
334 1827 494 1868 Eadem
527 1825 850 1882 probationibus
881 1828 1122 1880 confirmat,
1160 1842 1200 1871 et
1241 1833 1396 1887 repetit
1426 1834 1514 1874 Ho-

101 1905 192 1945 mil.
224 1904 289 1949 13,
320 1904 364 1944 in
393 1904 509 1952 Luc.,
540 1914 663 1957 atque
693 1902 749 1943 ita
782 1903 1019 1945 concludit:
1060 1906 1205 1948 Porro
1231 1907 1516 1964 frequenter

100 1984 271 2033 evenit,
308 1989 361 2023 ut
401 1977 528 2021 nobis
557 1977 878 2022 laborantibus
918 1983 1008 2037 ipse·
1030 1996 1162 2025 suum
1193 1984 1397 2040 officium
1426 2000 1515 2028 non

99 2059 334 2116 expleant,
364 2065 412 2099 et
439 2058 487 2098 in
519 2056 658 2112 culpis
687 2059 793 2100 sint.
854 2059 913 2098 At
942 2059 1132 2101 Homilia
1163 2061 1204 2101 in
1235 2061 1347 2102 idem
1381 2064 1517 2104 Evan-

100 2138 258 2191 gelium
288 2135 355 2180 35.
387 2150 473 2175 non
504 2133 725 2174 hominum
758 2135 946 2176 omnium
978 2138 1147 2190 angelos
1185 2139 1337 2180 faciem
1366 2141 1516 2192 Patris,

102 2215 174 2271 qui
205 2214 247 2255 in
279 2212 401 2254 coelo
433 2222 517 2262 est,
560 2211 703 2252 videre
735 2212 858 2263 dicit,
897 2215 971 2254 sed
1012 2231 1160 2256 eorum
1192 2217 1412 2268 duntaxat,
1443 2219 1516 2274 qui

105 2290 306 2333 eeclesiae
344 2305 502 2330 nomen
545 2290 777 2342 dederunt3
825 2302 914 2330 tum
961 2291 1017 2332 ait
1063 2295 1357 2348 postmodum:
1421 2296 1516 2347 Quo

104 2366 234 2410 modo
265 2370 407 2418 enlm,
446 2367 488 2407 si
518 2379 603 2422 per
634 2380 795 2408 curam
825 2380 981 2409 eornm
1011 2377 1056 2411 et
1084 2368 1364 2412 industriam
1393 2373 1520 2414 salus

107 2445 362 2488 homiuibus
391 2451 712 2497 comparatur,
736 2445 922 2499 faciem
957 2446 1120 2488 Patris
1157 2459 1333 2503 semper
1366 2456 1519 2491 atten-

108 2521 246 2565 dunt:
289 2524 352 2563 sz'c
381 2521 422 2562 si
443 2532 529 2575 per
557 2521 895 2577 neglegentiam
925 2535 1081 2564 eoram
1112 2522 1240 2565 lzonzo
1272 2529 1519 2580 corruerit,

109 2602 250 2641 etiam
294 2601 369 2640 sui
397 2597 594 2652 periculi
630 2611 728 2641 rem
766 2612 858 2641 esse
895 2612 984 2640 non
1027 2602 1246 2643 nesciunt.
1305 2603 1358 2644 Et
1389 2605 1517 2661 paulo

229 2822 268 2876 ¹)
300 2821 383 2863 Cfr.
421 2823 550 2877 Apoc.
585 2822 636 2863 ΙΙ.
757 2825 796 2880 ²)
828 2825 906 2866 Ed.
940 2825 1090 2866 Ruaei:
1126 2826 1397 2866 revocarent.
