<?xml version="1.0" encoding="UTF-8"?>
<!DOCTYPE html PUBLIC "-//W3C//DTD XHTML 1.0 Transitional//EN"
    "http://www.w3.org/TR/xhtml1/DTD/xhtml1-transitional.dtd">
<html xmlns="http://www.w3.org/1999/xhtml" xml:lang="en" lang="en">
 <head>
  <title>
</title>
<meta http-equiv="Content-Type" content="text/html;charset=utf-8" />
  <meta name='ocr-system' content='tesseract 3.04.00' />
  <meta name='ocr-capabilities' content='ocr_page ocr_carea ocr_par ocr_line ocrx_word'/>
</head>
<body>
  <div class='ocr_page' id='page_1' title='image "./operaomniaquaegr22orig/operaomniaquaegr22orig_0363.png"; bbox 0 0 1759 3125; ppageno 0'>
   <div class='ocr_carea' id='block_1_1' title="bbox 576 776 990 836">
    <p class='ocr_par' dir='ltr' id='par_1_1' title="bbox 576 776 990 836">
     <span class='ocr_line' id='line_1_1' title="bbox 576 776 990 836; baseline 0.002 -2"><span class='ocrx_word' id='word_1_1' title='bbox 576 776 906 836; x_wconf 78' lang='lat' dir='ltr'>Excursus</span> <span class='ocrx_word' id='word_1_2' title='bbox 950 778 990 835; x_wconf 87' lang='lat'>1.</span> 
     </span>
    </p>
   </div>
   <div class='ocr_carea' id='block_1_2' title="bbox 493 913 1075 971">
    <p class='ocr_par' dir='ltr' id='par_1_2' title="bbox 493 913 1075 971">
     <span class='ocr_line' id='line_1_2' title="bbox 493 913 1075 971; baseline 0.005 -16"><span class='ocrx_word' id='word_1_3' title='bbox 493 913 611 969; x_wconf 83' lang='lat' dir='ltr'>(Csr.</span> <span class='ocrx_word' id='word_1_4' title='bbox 644 930 734 969; x_wconf 82' lang='lat' dir='ltr'>pag.</span> <span class='ocrx_word' id='word_1_5' title='bbox 762 915 854 960; x_wconf 82' lang='lat'><strong>122.</strong></span> <span class='ocrx_word' id='word_1_6' title='bbox 886 926 972 956; x_wconf 90' lang='lat' dir='ltr'>not.</span> <span class='ocrx_word' id='word_1_7' title='bbox 1008 916 1075 971; x_wconf 83' lang='lat'>1.)</span> 
     </span>
    </p>
   </div>
   <div class='ocr_carea' id='block_1_3' title="bbox 70 1054 1495 1961">
    <p class='ocr_par' dir='ltr' id='par_1_3' title="bbox 70 1054 1495 1961">
     <span class='ocr_line' id='line_1_3' title="bbox 191 1054 1491 1111; baseline 0.004 -16"><span class='ocrx_word' id='word_1_8' title='bbox 191 1056 221 1095; x_wconf 91' lang='grc' dir='ltr'>Ι.</span> <span class='ocrx_word' id='word_1_9' title='bbox 281 1054 328 1097; x_wconf 89' lang='lat' dir='ltr'>Si</span> <span class='ocrx_word' id='word_1_10' title='bbox 359 1055 409 1095; x_wconf 81' lang='lat' dir='ltr'>de</span> <span class='ocrx_word' id='word_1_11' title='bbox 442 1055 524 1095; x_wconf 72' lang='lat' dir='ltr'>fule</span> <span class='ocrx_word' id='word_1_12' title='bbox 555 1055 763 1107; x_wconf 79' lang='lat' dir='ltr'>Origenis,</span> <span class='ocrx_word' id='word_1_13' title='bbox 794 1057 943 1111; x_wconf 72' lang='lat' dir='ltr'>inquit</span> <span class='ocrx_word' id='word_1_14' title='bbox 960 1055 1169 1099; x_wconf 73' lang='lat' dir='ltr'>dominns</span> <span class='ocrx_word' id='word_1_15' title='bbox 1199 1065 1354 1098; x_wconf 75' lang='lat' dir='ltr'>noster</span> <span class='ocrx_word' id='word_1_16' title='bbox 1378 1058 1491 1100; x_wconf 80' lang='lat' dir='ltr'>Prn-</span> 
     </span>
     <span class='ocr_line' id='line_1_4' title="bbox 75 1128 1492 1177; baseline 0.004 -5"><span class='ocrx_word' id='word_1_17' title='bbox 75 1128 258 1175; x_wconf 76' lang='lat' dir='ltr'>dentc&#39;us</span> <span class='ocrx_word' id='word_1_18' title='bbox 294 1131 468 1174; x_wconf 65' lang='lat' dir='ltr'>Marma</span> <span class='ocrx_word' id='word_1_19' title='bbox 505 1134 553 1174; x_wconf 73' lang='lat' dir='ltr'>in</span> <span class='ocrx_word' id='word_1_20' title='bbox 590 1145 670 1176; x_wconf 75' lang='lat' dir='ltr'>suo</span> <span class='ocrx_word' id='word_1_21' title='bbox 718 1131 772 1174; x_wconf 79' lang='lat' dir='ltr'>de</span> <span class='ocrx_word' id='word_1_22' title='bbox 810 1132 1056 1175; x_wconf 73' lang='lat' dir='ltr'>dlm’m‘tate</span> <span class='ocrx_word' id='word_1_23' title='bbox 1096 1132 1272 1176; x_wconf 73' lang='lat' dir='ltr'>Clert&#39;stz&#39;</span> <span class='ocrx_word' id='word_1_24' title='bbox 1306 1133 1378 1176; x_wconf 72' lang='lat' dir='ltr'>lib.</span> <span class='ocrx_word' id='word_1_25' title='bbox 1416 1135 1492 1177; x_wconf 84' lang='lat' dir='ltr'>IV.</span> 
     </span>
     <span class='ocr_line' id='line_1_5' title="bbox 75 1208 1494 1267; baseline 0.001 -17"><span class='ocrx_word' id='word_1_26' title='bbox 75 1221 172 1264; x_wconf 75' lang='lat' dir='ltr'>cap.</span> <span class='ocrx_word' id='word_1_27' title='bbox 207 1208 286 1260; x_wconf 60' lang='lat'>14„</span> <span class='ocrx_word' id='word_1_28' title='bbox 316 1225 445 1264; x_wconf 86' lang='lat' dir='ltr'>penes</span> <span class='ocrx_word' id='word_1_29' title='bbox 478 1210 670 1266; x_wconf 79' lang='lat' dir='ltr'>antiquos</span> <span class='ocrx_word' id='word_1_30' title='bbox 701 1211 928 1267; x_wconf 73' lang='lat' dir='ltr'>scriptores</span> <span class='ocrx_word' id='word_1_31' title='bbox 958 1211 1178 1251; x_wconf 72' lang='lat' dir='ltr'>arbitrium</span> <span class='ocrx_word' id='word_1_32' title='bbox 1211 1211 1276 1262; x_wconf 86' lang='lat' dir='ltr'>sit,</span> <span class='ocrx_word' id='word_1_33' title='bbox 1309 1211 1375 1251; x_wconf 81' lang='lat' dir='ltr'>vix</span> <span class='ocrx_word' id='word_1_34' title='bbox 1407 1228 1494 1252; x_wconf 82' lang='lat' dir='ltr'>cer-</span> 
     </span>
     <span class='ocr_line' id='line_1_6' title="bbox 73 1284 1492 1344; baseline 0.003 -19"><span class='ocrx_word' id='word_1_35' title='bbox 73 1297 161 1325; x_wconf 76' lang='lat' dir='ltr'>tam</span> <span class='ocrx_word' id='word_1_36' title='bbox 192 1284 453 1342; x_wconf 80' lang='lat' dir='ltr'>dijudicandi</span> <span class='ocrx_word' id='word_1_37' title='bbox 483 1298 626 1327; x_wconf 81' lang='lat' dir='ltr'>notam</span> <span class='ocrx_word' id='word_1_38' title='bbox 658 1287 898 1343; x_wconf 80' lang='lat' dir='ltr'>relinquent</span> <span class='ocrx_word' id='word_1_39' title='bbox 927 1287 1166 1340; x_wconf 74' lang='lat' dir='ltr'>gravissima</span> <span class='ocrx_word' id='word_1_40' title='bbox 1197 1288 1239 1328; x_wconf 89' lang='lat' dir='ltr'>in</span> <span class='ocrx_word' id='word_1_41' title='bbox 1270 1300 1492 1344; x_wconf 79' lang='lat' dir='ltr'>utramque</span> 
     </span>
     <span class='ocr_line' id='line_1_7' title="bbox 73 1363 1495 1417; baseline 0.001 -14"><span class='ocrx_word' id='word_1_42' title='bbox 73 1374 237 1417; x_wconf 76' lang='lat' dir='ltr'>partem</span> <span class='ocrx_word' id='word_1_43' title='bbox 268 1363 522 1405; x_wconf 77' lang='lat' dir='ltr'>testimonia.</span> <span class='ocrx_word' id='word_1_44' title='bbox 584 1366 721 1405; x_wconf 71' lang='lat' dir='ltr'>Nemo</span> <span class='ocrx_word' id='word_1_45' title='bbox 756 1365 866 1404; x_wconf 87' lang='lat' dir='ltr'>enim</span> <span class='ocrx_word' id='word_1_46' title='bbox 897 1381 1160 1405; x_wconf 86' lang='lat' dir='ltr'>summorum</span> <span class='ocrx_word' id='word_1_47' title='bbox 1193 1364 1377 1405; x_wconf 85' lang='lat' dir='ltr'>virorum</span> <span class='ocrx_word' id='word_1_48' title='bbox 1407 1366 1495 1407; x_wconf 84' lang='lat' dir='ltr'>lau-</span> 
     </span>
     <span class='ocr_line' id='line_1_8' title="bbox 73 1440 1493 1498; baseline 0.002 -18"><span class='ocrx_word' id='word_1_49' title='bbox 73 1440 197 1481; x_wconf 83' lang='lat' dir='ltr'>dibus</span> <span class='ocrx_word' id='word_1_50' title='bbox 229 1452 269 1481; x_wconf 88' lang='lat' dir='ltr'>et</span> <span class='ocrx_word' id='word_1_51' title='bbox 300 1441 517 1496; x_wconf 70' lang='lat' dir='ltr'>vituperiis</span> <span class='ocrx_word' id='word_1_52' title='bbox 556 1441 771 1493; x_wconf 83' lang='lat' dir='ltr'>insignior.</span> <span class='ocrx_word' id='word_1_53' title='bbox 831 1442 917 1483; x_wconf 80' lang='lat' dir='ltr'>Sed</span> <span class='ocrx_word' id='word_1_54' title='bbox 956 1453 1095 1482; x_wconf 78' lang='lat' dir='ltr'>tamen</span> <span class='ocrx_word' id='word_1_55' title='bbox 1136 1442 1245 1482; x_wconf 83' lang='lat' dir='ltr'>inter</span> <span class='ocrx_word' id='word_1_56' title='bbox 1286 1459 1381 1492; x_wconf 88' lang='lat' dir='ltr'>eos,</span> <span class='ocrx_word' id='word_1_57' title='bbox 1422 1444 1493 1498; x_wconf 88' lang='lat' dir='ltr'>qui</span> 
     </span>
     <span class='ocr_line' id='line_1_9' title="bbox 73 1516 1495 1577; baseline 0.002 -20"><span class='ocrx_word' id='word_1_58' title='bbox 73 1516 160 1573; x_wconf 75' lang='lat' dir='ltr'>ejus</span> <span class='ocrx_word' id='word_1_59' title='bbox 191 1516 346 1572; x_wconf 76' lang='lat' dir='ltr'>scripta</span> <span class='ocrx_word' id='word_1_60' title='bbox 383 1518 580 1558; x_wconf 82' lang='lat' dir='ltr'>videntur</span> <span class='ocrx_word' id='word_1_61' title='bbox 609 1519 840 1559; x_wconf 77' lang='lat' dir='ltr'>accuratius</span> <span class='ocrx_word' id='word_1_62' title='bbox 883 1519 1110 1568; x_wconf 86' lang='lat' dir='ltr'>evolvisse,</span> <span class='ocrx_word' id='word_1_63' title='bbox 1152 1519 1361 1577; x_wconf 68' lang='lat' dir='ltr'>Dionysio</span> <span class='ocrx_word' id='word_1_64' title='bbox 1395 1522 1495 1561; x_wconf 77' lang='lat' dir='ltr'>Ale-</span> 
     </span>
     <span class='ocr_line' id='line_1_10' title="bbox 72 1593 1493 1652; baseline 0.002 -17"><span class='ocrx_word' id='word_1_65' title='bbox 72 1593 306 1644; x_wconf 81' lang='lat' dir='ltr'>xandrino,</span> <span class='ocrx_word' id='word_1_66' title='bbox 337 1595 545 1648; x_wconf 78' lang='lat' dir='ltr'>Gregorio</span> <span class='ocrx_word' id='word_1_67' title='bbox 577 1596 915 1648; x_wconf 71' lang='lat' dir='ltr'>Thaumaturgo,</span> <span class='ocrx_word' id='word_1_68' title='bbox 947 1596 1122 1651; x_wconf 86' lang='lat' dir='ltr'>aliisque</span> <span class='ocrx_word' id='word_1_69' title='bbox 1154 1596 1363 1652; x_wconf 72' lang='lat' dir='ltr'>ejusmodi</span> <span class='ocrx_word' id='word_1_70' title='bbox 1396 1598 1493 1639; x_wconf 87' lang='lat' dir='ltr'>Ori-</span> 
     </span>
     <span class='ocr_line' id='line_1_11' title="bbox 71 1671 1493 1729; baseline 0.002 -17"><span class='ocrx_word' id='word_1_71' title='bbox 71 1672 186 1724; x_wconf 87' lang='lat' dir='ltr'>genis</span> <span class='ocrx_word' id='word_1_72' title='bbox 218 1671 457 1728; x_wconf 71' lang='lat' dir='ltr'>discipulis,</span> <span class='ocrx_word' id='word_1_73' title='bbox 496 1673 590 1728; x_wconf 87' lang='lat' dir='ltr'>qui,</span> <span class='ocrx_word' id='word_1_74' title='bbox 628 1673 662 1713; x_wconf 89' lang='lat' dir='ltr'>si</span> <span class='ocrx_word' id='word_1_75' title='bbox 694 1673 797 1729; x_wconf 85' lang='lat' dir='ltr'>quid</span> <span class='ocrx_word' id='word_1_76' title='bbox 837 1672 967 1729; x_wconf 85' lang='lat' dir='ltr'>impie</span> <span class='ocrx_word' id='word_1_77' title='bbox 999 1674 1041 1714; x_wconf 89' lang='lat' dir='ltr'>in</span> <span class='ocrx_word' id='word_1_78' title='bbox 1072 1690 1116 1714; x_wconf 86' lang='lat' dir='ltr'>re</span> <span class='ocrx_word' id='word_1_79' title='bbox 1148 1674 1252 1714; x_wconf 77' lang='lat' dir='ltr'>tanti</span> <span class='ocrx_word' id='word_1_80' title='bbox 1286 1677 1493 1715; x_wconf 68' lang='lat' dir='ltr'>momenti</span> 
     </span>
     <span class='ocr_line' id='line_1_12' title="bbox 70 1749 1490 1807; baseline 0.001 -18"><span class='ocrx_word' id='word_1_81' title='bbox 70 1749 277 1799; x_wconf 75' lang='lat' dir='ltr'>sensisset,</span> <span class='ocrx_word' id='word_1_82' title='bbox 307 1765 384 1790; x_wconf 90' lang='lat' dir='ltr'>nec</span> <span class='ocrx_word' id='word_1_83' title='bbox 414 1750 619 1802; x_wconf 85' lang='lat' dir='ltr'>ignorare,</span> <span class='ocrx_word' id='word_1_84' title='bbox 651 1766 727 1791; x_wconf 87' lang='lat' dir='ltr'>nec</span> <span class='ocrx_word' id='word_1_85' title='bbox 758 1755 939 1807; x_wconf 81' lang='lat' dir='ltr'>probare</span> <span class='ocrx_word' id='word_1_86' title='bbox 970 1762 1223 1806; x_wconf 79' lang='lat' dir='ltr'>potuerunt3</span> <span class='ocrx_word' id='word_1_87' title='bbox 1264 1752 1490 1807; x_wconf 81' lang='lat' dir='ltr'>Pamphilo</span> 
     </span>
     <span class='ocr_line' id='line_1_13' title="bbox 73 1826 1491 1884; baseline 0.002 -18"><span class='ocrx_word' id='word_1_88' title='bbox 73 1826 277 1883; x_wconf 64' lang='lat' dir='ltr'>BIartyri,</span> <span class='ocrx_word' id='word_1_89' title='bbox 314 1826 386 1882; x_wconf 89' lang='lat' dir='ltr'>qui</span> <span class='ocrx_word' id='word_1_90' title='bbox 425 1843 522 1867; x_wconf 87' lang='lat' dir='ltr'>eum</span> <span class='ocrx_word' id='word_1_91' title='bbox 551 1844 637 1868; x_wconf 88' lang='lat' dir='ltr'>non</span> <span class='ocrx_word' id='word_1_92' title='bbox 668 1829 865 1883; x_wconf 87' lang='lat' dir='ltr'>probavit</span> <span class='ocrx_word' id='word_1_93' title='bbox 896 1829 1061 1876; x_wconf 80' lang='lat' dir='ltr'>solum,</span> <span class='ocrx_word' id='word_1_94' title='bbox 1100 1829 1172 1868; x_wconf 87' lang='lat' dir='ltr'>sed</span> <span class='ocrx_word' id='word_1_95' title='bbox 1205 1828 1328 1868; x_wconf 76' lang='lat' dir='ltr'>etiarn</span> <span class='ocrx_word' id='word_1_96' title='bbox 1361 1829 1491 1884; x_wconf 83' lang='lat' dir='ltr'>ipsius</span> 
     </span>
     <span class='ocr_line' id='line_1_14' title="bbox 74 1903 1490 1961; baseline 0.003 -18"><span class='ocrx_word' id='word_1_97' title='bbox 74 1903 208 1959; x_wconf 85' lang='lat' dir='ltr'>copiis</span> <span class='ocrx_word' id='word_1_98' title='bbox 240 1915 280 1944; x_wconf 85' lang='lat' dir='ltr'>et</span> <span class='ocrx_word' id='word_1_99' title='bbox 311 1903 435 1945; x_wconf 84' lang='lat' dir='ltr'>armis</span> <span class='ocrx_word' id='word_1_100' title='bbox 474 1904 687 1956; x_wconf 74' lang='lat' dir='ltr'>defendit;</span> <span class='ocrx_word' id='word_1_101' title='bbox 725 1905 881 1957; x_wconf 83' lang='lat' dir='ltr'>Magno</span> <span class='ocrx_word' id='word_1_102' title='bbox 925 1904 1177 1954; x_wconf 69' lang='lat' dir='ltr'>Athanasio,</span> <span class='ocrx_word' id='word_1_103' title='bbox 1216 1906 1287 1961; x_wconf 86' lang='lat' dir='ltr'>qui</span> <span class='ocrx_word' id='word_1_104' title='bbox 1319 1922 1414 1946; x_wconf 85' lang='lat' dir='ltr'>eum</span> <span class='ocrx_word' id='word_1_105' title='bbox 1445 1918 1490 1947; x_wconf 84' lang='lat' dir='ltr'>ut</span> 
     </span>
    </p>
   </div>
   <div class='ocr_carea' id='block_1_4' title="bbox 71 1980 1493 2039">
    <p class='ocr_par' dir='ltr' id='par_1_4' title="bbox 71 1980 1493 2039">
     <span class='ocr_line' id='line_1_15' title="bbox 71 1980 1493 2039; baseline 0.002 -18"><span class='ocrx_word' id='word_1_106' title='bbox 71 1998 240 2021; x_wconf 85' lang='lat' dir='ltr'>murum</span> <span class='ocrx_word' id='word_1_107' title='bbox 270 1980 638 2037; x_wconf 77' lang='lat' dir='ltr'>inexpugnabilem</span> <span class='ocrx_word' id='word_1_108' title='bbox 670 1981 834 2022; x_wconf 79' lang='lat' dir='ltr'>Arianis</span> <span class='ocrx_word' id='word_1_109' title='bbox 866 1982 1087 2038; x_wconf 87' lang='lat' dir='ltr'>opposuit,</span> <span class='ocrx_word' id='word_1_110' title='bbox 1128 1983 1247 2038; x_wconf 82' lang='lat' dir='ltr'>plus,</span> <span class='ocrx_word' id='word_1_111' title='bbox 1277 1998 1370 2024; x_wconf 79' lang='lat' dir='ltr'>mea</span> <span class='ocrx_word' id='word_1_112' title='bbox 1401 1986 1493 2039; x_wconf 84' lang='lat' dir='ltr'>qui-</span> 
     </span>
    </p>
   </div>
   <div class='ocr_carea' id='block_1_5' title="bbox 0 2058 1493 2119">
    <p class='ocr_par' dir='ltr' id='par_1_5' title="bbox 0 2058 1493 2119">
     <span class='ocr_line' id='line_1_16' title="bbox 0 2058 1493 2119; baseline 0.001 -20"><span class='ocrx_word' id='word_1_113' title='bbox 0 2084 13 2119; x_wconf 26' lang='lat'>1&#39;-</span> <span class='ocrx_word' id='word_1_114' title='bbox 71 2060 168 2099; x_wconf 80' lang='lat' dir='ltr'>dem</span> <span class='ocrx_word' id='word_1_115' title='bbox 199 2058 424 2109; x_wconf 74' lang='lat' dir='ltr'>sententia,</span> <span class='ocrx_word' id='word_1_116' title='bbox 471 2059 743 2099; x_wconf 80' lang='lat' dir='ltr'>tribuendum</span> <span class='ocrx_word' id='word_1_117' title='bbox 782 2059 968 2109; x_wconf 80' lang='lat' dir='ltr'>videtur,</span> <span class='ocrx_word' id='word_1_118' title='bbox 1014 2076 1139 2116; x_wconf 86' lang='lat' dir='ltr'>quam</span> <span class='ocrx_word' id='word_1_119' title='bbox 1177 2060 1418 2116; x_wconf 82' lang='lat' dir='ltr'>Epiphanio</span> <span class='ocrx_word' id='word_1_120' title='bbox 1452 2073 1493 2101; x_wconf 88' lang='lat' dir='ltr'>et</span> 
     </span>
    </p>
   </div>
   <div class='ocr_carea' id='block_1_6' title="bbox 0 2376 19 3125">
    <p class='ocr_par' dir='ltr' id='par_1_6' title="bbox 0 2376 19 3125">
     <span class='ocr_line' id='line_1_17' title="bbox 0 2376 19 3125; baseline 0 0"><span class='ocrx_word' id='word_1_121' title='bbox 0 2376 19 3125; x_wconf 95' lang='lat' dir='ltr'> </span> 
     </span>
    </p>
   </div>
   <div class='ocr_carea' id='block_1_7' title="bbox 0 2124 1492 2809">
    <p class='ocr_par' dir='ltr' id='par_1_7' title="bbox 0 2124 1492 2809">
     <span class='ocr_line' id='line_1_18' title="bbox 0 2124 1490 2193; baseline 0.002 -17"><span class='ocrx_word' id='word_1_122' title='bbox 0 2124 14 2146; x_wconf 37' lang='grc' dir='ltr'>ε’</span> <span class='ocrx_word' id='word_1_123' title='bbox 71 2136 361 2193; x_wconf 80' lang='lat' dir='ltr'>Hieronymo,</span> <span class='ocrx_word' id='word_1_124' title='bbox 401 2137 472 2192; x_wconf 88' lang='lat' dir='ltr'>qui</span> <span class='ocrx_word' id='word_1_125' title='bbox 511 2136 598 2193; x_wconf 83' lang='lat' dir='ltr'>ejus</span> <span class='ocrx_word' id='word_1_126' title='bbox 630 2136 743 2177; x_wconf 80' lang='lat' dir='ltr'>dicta</span> <span class='ocrx_word' id='word_1_127' title='bbox 773 2137 816 2177; x_wconf 86' lang='lat' dir='ltr'>in</span> <span class='ocrx_word' id='word_1_128' title='bbox 847 2136 1006 2177; x_wconf 74' lang='lat' dir='ltr'>alienos</span> <span class='ocrx_word' id='word_1_129' title='bbox 1036 2153 1178 2179; x_wconf 88' lang='lat' dir='ltr'>sensus</span> <span class='ocrx_word' id='word_1_130' title='bbox 1210 2139 1490 2189; x_wconf 82' lang='lat' dir='ltr'>detorserunt,</span> 
     </span>
     <span class='ocr_line' id='line_1_19' title="bbox 71 2213 1489 2270; baseline 0.001 -17"><span class='ocrx_word' id='word_1_131' title='bbox 71 2214 209 2268; x_wconf 75' lang='lat' dir='ltr'>eique,</span> <span class='ocrx_word' id='word_1_132' title='bbox 238 2214 379 2254; x_wconf 83' lang='lat' dir='ltr'>nescio</span> <span class='ocrx_word' id='word_1_133' title='bbox 411 2230 494 2270; x_wconf 90' lang='lat' dir='ltr'>quo</span> <span class='ocrx_word' id='word_1_134' title='bbox 525 2225 668 2270; x_wconf 74' lang='lat' dir='ltr'>pacto,</span> <span class='ocrx_word' id='word_1_135' title='bbox 699 2213 903 2254; x_wconf 76' lang='lat' dir='ltr'>nonnulla</span> <span class='ocrx_word' id='word_1_136' title='bbox 932 2214 1195 2264; x_wconf 73' lang='lat' dir='ltr'>affinxerunt,</span> <span class='ocrx_word' id='word_1_137' title='bbox 1228 2231 1409 2270; x_wconf 86' lang='lat' dir='ltr'>quorum</span> <span class='ocrx_word' id='word_1_138' title='bbox 1438 2231 1489 2254; x_wconf 88' lang='lat' dir='ltr'>ne</span> 
     </span>
     <span class='ocr_line' id='line_1_20' title="bbox 69 2290 1489 2349; baseline 0 -18"><span class='ocrx_word' id='word_1_139' title='bbox 69 2290 208 2333; x_wconf 89' lang='lat' dir='ltr'><strong>ullum</strong></span> <span class='ocrx_word' id='word_1_140' title='bbox 239 2290 410 2346; x_wconf 86' lang='lat' dir='ltr'>quidem</span> <span class='ocrx_word' id='word_1_141' title='bbox 452 2292 673 2345; x_wconf 83' lang='lat' dir='ltr'>vestigium</span> <span class='ocrx_word' id='word_1_142' title='bbox 714 2292 758 2332; x_wconf 89' lang='lat' dir='ltr'>in</span> <span class='ocrx_word' id='word_1_143' title='bbox 797 2291 883 2349; x_wconf 88' lang='lat' dir='ltr'>ejus</span> <span class='ocrx_word' id='word_1_144' title='bbox 924 2303 1053 2332; x_wconf 78' lang='lat' dir='ltr'>exstat</span> <span class='ocrx_word' id='word_1_145' title='bbox 1094 2291 1306 2347; x_wconf 83' lang='lat' dir='ltr'>operibus.</span> <span class='ocrx_word' id='word_1_146' title='bbox 1368 2291 1489 2331; x_wconf 86' lang='lat' dir='ltr'>Visus</span> 
     </span>
     <span class='ocr_line' id='line_1_21' title="bbox 71 2367 1489 2423; baseline 0.001 -15"><span class='ocrx_word' id='word_1_147' title='bbox 71 2380 134 2409; x_wconf 86' lang='lat' dir='ltr'>est</span> <span class='ocrx_word' id='word_1_148' title='bbox 162 2367 325 2408; x_wconf 73' lang='lat' dir='ltr'>Basilio</span> <span class='ocrx_word' id='word_1_149' title='bbox 356 2384 443 2409; x_wconf 90' lang='lat' dir='ltr'>non</span> <span class='ocrx_word' id='word_1_150' title='bbox 482 2369 656 2410; x_wconf 84' lang='lat' dir='ltr'>omnino</span> <span class='ocrx_word' id='word_1_151' title='bbox 697 2381 809 2410; x_wconf 87' lang='lat' dir='ltr'>recte</span> <span class='ocrx_word' id='word_1_152' title='bbox 842 2370 895 2410; x_wconf 82' lang='lat' dir='ltr'>de</span> <span class='ocrx_word' id='word_1_153' title='bbox 935 2381 1079 2410; x_wconf 81' lang='lat' dir='ltr'>sancto</span> <span class='ocrx_word' id='word_1_154' title='bbox 1112 2368 1272 2423; x_wconf 80' lang='lat' dir='ltr'>Spiritu</span> <span class='ocrx_word' id='word_1_155' title='bbox 1302 2368 1489 2410; x_wconf 84' lang='lat' dir='ltr'>sensisse.</span> 
     </span>
     <span class='ocr_line' id='line_1_22' title="bbox 72 2445 1490 2497; baseline -0.001 -10"><span class='ocrx_word' id='word_1_156' title='bbox 72 2446 183 2496; x_wconf 86' lang='lat' dir='ltr'>Sed,</span> <span class='ocrx_word' id='word_1_157' title='bbox 216 2445 366 2497; x_wconf 88' lang='lat' dir='ltr'>credo,</span> <span class='ocrx_word' id='word_1_158' title='bbox 409 2445 472 2485; x_wconf 81' lang='lat' dir='ltr'>vir</span> <span class='ocrx_word' id='word_1_159' title='bbox 503 2446 783 2487; x_wconf 78' lang='lat' dir='ltr'>sanctissimus</span> <span class='ocrx_word' id='word_1_160' title='bbox 814 2458 854 2486; x_wconf 81' lang='lat' dir='ltr'>et</span> <span class='ocrx_word' id='word_1_161' title='bbox 886 2447 1152 2487; x_wconf 83' lang='lat' dir='ltr'>doctissimus</span> <span class='ocrx_word' id='word_1_162' title='bbox 1186 2446 1490 2486; x_wconf 78' lang='lat' dir='ltr'>consuetudine</span> 
     </span>
     <span class='ocr_line' id='line_1_23' title="bbox 74 2522 1488 2579; baseline 0.001 -16"><span class='ocrx_word' id='word_1_163' title='bbox 74 2539 168 2563; x_wconf 89' lang='lat' dir='ltr'>cum</span> <span class='ocrx_word' id='word_1_164' title='bbox 200 2522 364 2563; x_wconf 75' lang='lat' dir='ltr'>Arianis</span> <span class='ocrx_word' id='word_1_165' title='bbox 403 2533 443 2563; x_wconf 83' lang='lat' dir='ltr'>et</span> <span class='ocrx_word' id='word_1_166' title='bbox 483 2522 878 2564; x_wconf 74' lang='lat' dir='ltr'>pneumatomachis</span> <span class='ocrx_word' id='word_1_167' title='bbox 919 2524 1130 2579; x_wconf 80' lang='lat' dir='ltr'>pugnandi</span> <span class='ocrx_word' id='word_1_168' title='bbox 1171 2524 1374 2564; x_wconf 79' lang='lat' dir='ltr'>adductus</span> <span class='ocrx_word' id='word_1_169' title='bbox 1415 2535 1488 2573; x_wconf 79' lang='lat' dir='ltr'>est,</span> 
     </span>
     <span class='ocr_line' id='line_1_24' title="bbox 72 2599 1492 2656; baseline 0 -16"><span class='ocrx_word' id='word_1_170' title='bbox 72 2611 141 2650; x_wconf 91' lang='lat' dir='ltr'>ut,</span> <span class='ocrx_word' id='word_1_171' title='bbox 172 2616 278 2656; x_wconf 80' lang='lat' dir='ltr'>quae</span> <span class='ocrx_word' id='word_1_172' title='bbox 307 2599 351 2640; x_wconf 88' lang='lat' dir='ltr'>in</span> <span class='ocrx_word' id='word_1_173' title='bbox 381 2599 467 2641; x_wconf 84' lang='lat' dir='ltr'>istis</span> <span class='ocrx_word' id='word_1_174' title='bbox 497 2615 684 2640; x_wconf 83' lang='lat' dir='ltr'>errorem</span> <span class='ocrx_word' id='word_1_175' title='bbox 716 2601 868 2641; x_wconf 83' lang='lat' dir='ltr'>callide</span> <span class='ocrx_word' id='word_1_176' title='bbox 899 2599 1228 2651; x_wconf 77' lang='lat' dir='ltr'>insinuantibus,</span> <span class='ocrx_word' id='word_1_177' title='bbox 1265 2612 1309 2641; x_wconf 77' lang='lat' dir='ltr'>et</span> <span class='ocrx_word' id='word_1_178' title='bbox 1341 2600 1492 2641; x_wconf 71' lang='lat' dir='ltr'>verita-</span> 
     </span>
     <span class='ocr_line' id='line_1_25' title="bbox 72 2677 1489 2733; baseline 0 -16"><span class='ocrx_word' id='word_1_179' title='bbox 72 2689 160 2718; x_wconf 84' lang='lat' dir='ltr'>tem</span> <span class='ocrx_word' id='word_1_180' title='bbox 191 2678 457 2719; x_wconf 85' lang='lat' dir='ltr'>eludentibus</span> <span class='ocrx_word' id='word_1_181' title='bbox 488 2694 572 2717; x_wconf 88' lang='lat' dir='ltr'>non</span> <span class='ocrx_word' id='word_1_182' title='bbox 605 2679 834 2733; x_wconf 76' lang='lat' dir='ltr'>probabat,</span> <span class='ocrx_word' id='word_1_183' title='bbox 870 2693 1009 2733; x_wconf 87' lang='lat' dir='ltr'>neque</span> <span class='ocrx_word' id='word_1_184' title='bbox 1056 2678 1181 2719; x_wconf 80' lang='lat' dir='ltr'>etiam</span> <span class='ocrx_word' id='word_1_185' title='bbox 1222 2678 1263 2718; x_wconf 82' lang='lat' dir='ltr'>in</span> <span class='ocrx_word' id='word_1_186' title='bbox 1304 2677 1489 2730; x_wconf 72' lang='lat' dir='ltr'>Origene</span> 
     </span>
     <span class='ocr_line' id='line_1_26' title="bbox 73 2754 1490 2809; baseline 0 -14"><span class='ocrx_word' id='word_1_187' title='bbox 73 2756 296 2809; x_wconf 87' lang='lat' dir='ltr'>probaret;</span> <span class='ocrx_word' id='word_1_188' title='bbox 338 2771 416 2796; x_wconf 85' lang='lat' dir='ltr'>nec</span> <span class='ocrx_word' id='word_1_189' title='bbox 457 2754 553 2795; x_wconf 73' lang='lat' dir='ltr'>satis</span> <span class='ocrx_word' id='word_1_190' title='bbox 591 2755 942 2797; x_wconf 76' lang='lat' dir='ltr'>animadverteret</span> <span class='ocrx_word' id='word_1_191' title='bbox 981 2755 1102 2796; x_wconf 65' lang='lat' dir='ltr'>aliter</span> <span class='ocrx_word' id='word_1_192' title='bbox 1142 2756 1193 2795; x_wconf 86' lang='lat' dir='ltr'>de</span> <span class='ocrx_word' id='word_1_193' title='bbox 1235 2754 1409 2795; x_wconf 76' lang='lat' dir='ltr'>versutis</span> <span class='ocrx_word' id='word_1_194' title='bbox 1447 2766 1490 2795; x_wconf 72' lang='lat' dir='ltr'>et</span> 
     </span>
    </p>
   </div>
   <div class='ocr_carea' id='block_1_8' title="bbox 10 2831 1488 2889">
    <p class='ocr_par' dir='ltr' id='par_1_8' title="bbox 10 2831 1488 2889">
     <span class='ocr_line' id='line_1_27' title="bbox 10 2831 1488 2889; baseline -0.002 -16"><span class='ocrx_word' id='word_1_195' title='bbox 10 2872 11 2883; x_wconf 35' lang='lat'>2</span> <span class='ocrx_word' id='word_1_196' title='bbox 72 2831 264 2874; x_wconf 85' lang='lat' dir='ltr'>subdolis</span> <span class='ocrx_word' id='word_1_197' title='bbox 294 2831 524 2883; x_wconf 77' lang='lat' dir='ltr'>haereticis,</span> <span class='ocrx_word' id='word_1_198' title='bbox 555 2832 678 2875; x_wconf 75' lang='lat' dir='ltr'>aliter</span> <span class='ocrx_word' id='word_1_199' title='bbox 709 2834 759 2874; x_wconf 87' lang='lat' dir='ltr'>dc</span> <span class='ocrx_word' id='word_1_200' title='bbox 792 2833 997 2889; x_wconf 84' lang='lat' dir='ltr'>scriptore</span> <span class='ocrx_word' id='word_1_201' title='bbox 1039 2834 1089 2875; x_wconf 77' lang='lat' dir='ltr'>ab</span> <span class='ocrx_word' id='word_1_202' title='bbox 1121 2832 1237 2873; x_wconf 83' lang='lat' dir='ltr'>omni</span> <span class='ocrx_word' id='word_1_203' title='bbox 1270 2833 1414 2872; x_wconf 78' lang='lat' dir='ltr'>fraude</span> <span class='ocrx_word' id='word_1_204' title='bbox 1446 2843 1488 2871; x_wconf 77' lang='lat' dir='ltr'>ct</span> 
     </span>
    </p>
   </div>
  </div>
 </body>
</html>
