1759 3125
224 106 278 148 24
640 112 776 155 Pena
816 115 1029 158 DANmus
1060 118 1223 160 HUETH

228 218 326 270 vini,
358 222 456 271 olei,
489 222 748 282 aliarumque
779 245 943 278 rerum,
974 229 1124 284 quibus
1155 232 1343 272 irritatur
1374 232 1489 284 gula,
1522 245 1562 272 ct
1593 234 1643 273 :nd

226 295 416 338 laborem
446 300 670 342 serendum
699 305 1002 346 remollescunt
1022 307 1227 358 homines,
1257 308 1646 358 abstinentissimus,

226 389 357 428 usque
388 376 493 416 adeo
525 389 572 418 ut
602 391 834 422 tentaretur
864 382 1128 433 valetudine,
1163 396 1202 424 et
1232 387 1450 426 stomacho
1484 387 1648 426 labora-

227 461 304 490 ret.
367 451 651 497 Christianum
683 458 988 515 philosophum
1024 476 1119 500 vere
1146 461 1328 504 dixisses.
1384 462 1511 518 Cujus
1536 475 1646 503 tanta

227 682 312 722 seb.
345 682 453 727 Hist.
486 688 633 729 eccles.
668 687 739 730 lib.
770 689 841 729 Vr.
875 706 963 745 cap.
995 689 1033 734 3.
1096 691 1373 747 Hujusmodi
1406 706 1519 749 ergo
1547 693 1647 750 phi-

227 750 482 808 losophicae
511 760 634 799 vitae
663 760 877 815 exempla
902 762 1152 816 praebens,
1188 776 1287 803 cum
1319 761 1475 804 diuina
1504 766 1651 805 virtus

228 833 330 862 eum
370 823 639 880 adjuvaret,
677 830 833 884 plures
871 842 932 872 ex
971 829 1203 888 discipules
1241 832 1308 874 ad
1342 836 1650 875 imitationem

225 892 302 931 sui
327 897 490 936 merito
518 902 804 952 provocavit:
834 903 904 941 ita
935 908 984 942 ut
1015 903 1153 943 multi
1180 916 1241 945 ea:
1262 903 1519 946 Gentilibus
1550 912 1651 946 tum

226 961 274 1000 in
306 966 431 1004 omni
452 978 627 1020 genere
658 967 921 1022 doctrinae,
963 979 1060 1013 tum
1107 976 1154 1014 in
1191 972 1476 1031 philosophia
1511 988 1650 1030 prae-

224 1036 514 1091 stantissimi,
547 1039 644 1094 ejus
671 1052 718 1080 se
748 1044 1018 1096 magisterio
1036 1045 1381 1086 submitterent.
1431 1046 1523 1097 Qui
1549 1058 1650 1086 cum

212 1099 364 1154 fidem
398 1104 574 1148 Christi
601 1111 776 1152 sincere
815 1120 952 1167 atque
982 1116 1143 1156 intimo
1174 1118 1339 1156 mentis
1369 1114 1557 1169 affectu
1589 1117 1648 1155 ab

231 1173 325 1228 ipso
357 1181 652 1234 accepissent,
677 1185 1011 1237 persecutionis
1041 1184 1164 1225 illius
1195 1192 1396 1241 tempore
1416 1186 1648 1227 inclarue-

227 1251 367 1300 runt,
406 1261 543 1304 usque
583 1249 695 1292 adeo
748 1260 800 1293 ut
846 1252 1031 1309 quidam
1071 1267 1132 1296 ex
1171 1257 1278 1310 ipsis
1324 1253 1648 1311 comprehensi,

225 1321 454 1372 martyrio
481 1322 728 1375 perfuncti
756 1325 861 1365 sint.
924 1325 1101 1366 Horum
1127 1327 1304 1381 primus
1320 1324 1429 1379 ficit
1459 1326 1650 1367 Plutar-

227 1382 349 1428 chus.
410 1389 529 1432 Huic
560 1389 626 1433 ad
652 1401 845 1434 mortem
875 1397 1019 1450 eunti,
1054 1396 1278 1451 Origenes
1308 1393 1373 1436 ad
1389 1402 1650 1437 extremum

225 1466 363 1511 usque
401 1462 527 1502 ritae
566 1465 814 1504 terminum
852 1463 1114 1506 individuus
1153 1464 1434 1515 adhaerens,
1477 1479 1651 1522 parum

228 1527 397 1581 abfuit,
438 1534 544 1586 quin
576 1530 635 1574 ab
665 1533 787 1574 illius
829 1533 1115 1576 occideretur
1158 1533 1350 1591 civibuS,
1388 1543 1545 1592 utpote
1576 1539 1655 1593 qui

227 1600 348 1639 necis
377 1601 501 1643 illius
531 1611 697 1645 auctor
712 1603 901 1657 fuisset.
984 1605 1146 1648 I'erum
1176 1604 1332 1647 diuina
1357 1605 1652 1661 providentia

227 1674 339 1711 tunc
368 1683 536 1728 quoque
568 1675 695 1715 illum
727 1678 1023 1717 conservavit.
1091 1675 1201 1717 Post
1238 1676 1545 1718 Plutarchum
1573 1689 1649 1718 se-

226 1737 401 1782 cundus
447 1755 510 1784 ex·
548 1744 764 1803 Origenis
802 1744 1031 1802 descipulis
1078 1753 1265 1801 martyr
1293 1746 1402 1800 fuit
1439 1747 1650 1799 Serenus,

226 1811 307 1863 qui
316 1810 479 1864 fidem,
512 1827 649 1869 qzeam
680 1825 939 1872 acceperat,
970 1819 1078 1871 igne
1108 1818 1432 1858 examinatam
1462 1830 1518 1858 ac
1540 1830 1650 1873 pro-

229 1880 391 1922 batam
429 1883 653 1927 exhibuit.
728 1887 912 1929 Tertius
959 1899 1021 1928 ex
1057 1885 1216 1928 eadem
1262 1885 1417 1927 schola
1465 1894 1650 1942 martyr

228 1954 412 1994 exstitit
444 1955 742 2008 Heraclides,
779 1970 836 1999 ac
875 1954 1038 1998 deinde
1069 1963 1264 2011 quartus
1293 1957 1449 1997 Heron
1461 1975 1475 2006 ,·
1516 1956 1648 1998 ambo

227 2025 382 2064 securi
403 2031 631 2080 percussi:
655 2030 789 2083 prior
819 2026 927 2068 dum
957 2025 1110 2068 adhue
1140 2033 1255 2067 esset
1274 2024 1649 2080 Catechumenus,

228 2098 354 2139 alter
382 2108 486 2137 vero
518 2097 786 2152 neophytus.
847 2098 1051 2140 Praeter
1082 2096 1160 2138 hos
1191 2098 1375 2151 quintus
1405 2109 1467 2138 ea:
1495 2096 1650 2140 eodem

226 2164 459 2208 auditorio
501 2166 798 2210 Christianae
829 2169 1022 2224 pietatis
1063 2166 1264 2219 athleta,
1305 2169 1451 2208 victor
1479 2181 1650 2210 renun-

228 2237 378 2278 ciatus
407 2245 474 2279 est
492 2236 689 2281 Serenus
713 2240 868 2295 priori
896 2238 966 2280 illi
993 2239 1295 2293 cognominis:
1325 2240 1522 2293 quicum
1546 2240 1649 2294 plu-

228 2307 369 2347 rimos
406 2311 645 2351 cruciatus
677 2309 933 2363 fortissime
960 2308 1248 2365 pertulisset,
1281 2306 1470 2349 tandem
1500 2311 1650 2365 capite

227 2385 474 2423 truncatus
498 2379 653 2433 fuisse
691 2378 877 2421 dicitur.
943 2377 1035 2421 Sed
1077 2391 1138 2421 ea:
1177 2379 1421 2420 mulierum
1459 2391 1649 2420 numero

226 2451 397 2498 Hera'is
424 2448 653 2504 quaedam
682 2448 833 2491 adhuc
867 2448 1230 2499 Catechumena,
1265 2462 1352 2505 per
1382 2451 1558 2504 ignem,
1598 2457 1651 2492 ut

228 2527 320 2580 ipse
352 2522 524 2564 alicubi
550 2518 674 2571 dicit,
707 2522 983 2576 baptismum
1016 2517 1198 2575 adepta,
1231 2533 1294 2562 ex
1324 2517 1410 2560 hac
1441 2518 1537 2559 luce
1568 2521 1651 2559 mi-

225 2595 400 2651 gravit.
459 2591 687 2646 Septimus
715 2593 840 2633 inter
880 2590 957 2632 hos
995 2597 1293 2631 recenseatur
1322 2586 1573 2641 Basilides,
1612 2591 1650 2629 is

230 2667 310 2721 qui
335 2660 682 2705 celeberrimam
718 2661 847 2703 illam
882 2662 1240 2704 Potamiaenam
1277 2657 1342 2701 ad
1377 2659 1648 2715 supplicium

231 2732 443 2776 abduxit.
501 2731 610 2772 Vide
640 2732 848 2788 Epiphan.
879 2733 1051 2776 Haeres.
1085 2731 1152 2773 64.
1183 2747 1275 2786 pag.
1306 2730 1400 2773 529.
1469 2729 1647 2782 Gregor.

232 2804 452 2846 Thaumat.
490 2813 594 2843 orat.
620 2818 815 2860 panegyr.
847 2814 917 2844 art.
943 2800 981 2845 3.
1013 2801 1165 2842 Euseb.
1189 2801 1299 2843 Hist.
1319 2801 1467 2842 eccles.
1485 2800 1557 2842 lib.
1574 2801 1647 2841 VI.

233 2890 321 2929 cap.
352 2873 392 2916 4.
425 2883 466 2914 et
495 2873 534 2916 5.
564 2873 615 2913 R.
