1759 3125
454 126 843 168 ORtGEmAXORUM
881 124 1022 165 LIBER
1054 125 1086 165 I.
1422 127 1474 170 77

71 237 274 296 Ber-yllus,
305 253 476 294 seseque
506 239 640 278 bonae
672 237 802 277 menti
834 235 996 277 restitui
1026 245 1252 290 pateretur.
1304 237 1399 292 Qua
1430 255 1474 279 re

73 331 120 356 ex
149 326 249 355 voto
282 316 494 365 confecta,
536 315 580 355 in
609 314 885 355 Palaestinam
925 312 1012 353 sine
1050 328 1170 353 mora
1200 312 1400 366 Origenes
1431 330 1475 354 se

71 390 239 446 recepit.
297 392 445 447 Neque
481 407 576 431 sane
612 390 716 431 tanti
753 389 947 431 beneficii
976 389 1249 440 memoriam,
1295 390 1367 446 qui
1393 390 1476 431 suit

71 467 250 507 hominis
283 469 451 518 candor,
480 468 590 524 apud
622 484 708 509 sese
740 467 1011 508 diuturnitate
1042 467 1306 507 extabescere
1336 483 1478 522 passus

72 555 133 585 est
159 544 374 602 Beryllus;
410 545 484 585 sed
525 561 615 585 eam
643 544 911 600 sequentibus
951 543 1104 584 deinde
1135 543 1249 584 annis
1281 544 1478 594 recoluit,

70 631 113 661 et
140 620 304 676 scriptis
333 622 385 662 ad
416 622 640 674 Origenem
673 621 860 677 epistolis
899 632 1070 662 testatus
1111 631 1184 662 est.
1257 620 1347 660 Hae
1381 637 1474 660 cum

70 697 219 754 synodi
249 697 386 747 Actis,
424 698 599 754 aliisque
638 697 758 755 hujus
790 698 868 738 viri
897 696 1180 738 monumentis
1210 697 1346 736 multo
1381 708 1478 751 post

70 787 254 815 servatae
287 785 327 814 et
367 775 588 815 doctorum
627 775 810 815 lectione
849 787 1068 829 usurpatae
1105 785 1222 824 sunt,
1263 774 1336 814 sed
1374 785 1479 813 tem-

70 851 185 906 poris
217 852 386 892 demum
418 862 620 891 vetustate
653 851 969 892 interciderunt.

184 929 260 969 IX.
318 930 463 969 Annus
495 926 649 969 Christi
678 926 789 976 244„
821 927 893 983 qui
923 927 1004 968 fuit
1035 927 1229 980 Origenis
1260 927 1339 977 59„
1370 927 1480 968 Gor-

73 1004 196 1045 diano
227 1016 388 1045 sextum
418 1005 500 1062 jam
531 1021 683 1045 annum
704 1004 928 1060 imperanti
950 1005 1088 1045 feralis
1109 1005 1212 1057 fuit;
1241 1020 1337 1044 nam
1365 1015 1482 1059 post-

75 1097 199 1138 quam
229 1081 315 1139 ejus
348 1082 488 1122 locum
526 1097 604 1136 per
640 1098 845 1122 summam
885 1082 1107 1137 perfidiam
1139 1081 1288 1122 invasit
1317 1080 1481 1136 Philip-

73 1176 166 1214 pus,
196 1158 323 1199 vitam
356 1157 393 1198 ei
423 1158 559 1199 statim
590 1157 680 1214 pari
709 1159 867 1199 scelere
899 1158 1093 1198 exhausit.
1162 1157 1248 1199 Sed
1279 1168 1483 1213 concepta

73 1236 258 1276 facinora
285 1235 542 1291 poenitentia
574 1236 828 1286 emendasse,
859 1248 899 1276 et
930 1238 978 1277 ad
1009 1234 1162 1278 Christi
1193 1250 1360 1291 quoque
1391 1250 1485 1290 par-

73 1324 134 1354 tes
164 1312 369 1354 transiisse
399 1311 601 1352 Historici
631 1311 801 1368 quidam
835 1313 1078 1365 Christiani,
1108 1312 1170 1353 uti
1201 1329 1299 1352 mox
1331 1311 1486 1352 dicturi

74 1406 229 1439 sumus,
257 1389 550 1445 prodiderunt,
609 1389 668 1430 Ut
696 1401 743 1430 ut
775 1402 855 1440 est,
894 1390 1065 1431 tertium
1102 1389 1184 1446 jam
1221 1388 1390 1444 imperii
1431 1404 1481 1428 eo

75 1478 220 1518 agente
279 1482 433 1507 annum
483 1466 681 1507 ecclesiae
732 1467 1034 1507 Alexandrinae
1084 1465 1487 1506 administrationem

76 1542 295 1598 capessivit
323 1543 549 1600 Dionysius
579 1543 666 1592 ille,
700 1560 822 1598 quem
841 1542 1115 1583 Alexandriae
1135 1542 1336 1594 Origenes
1365 1558 1486 1598 prae-

77 1621 208 1675 ceptis
240 1619 343 1659 olim
373 1620 685 1670 informaverat,
715 1631 884 1660 mortuo
906 1619 1084 1659 Heracla
1110 1618 1302 1671 Origenis
1322 1631 1362 1660 et
1391 1619 1483 1675 ipso

79 1695 302 1751 discipu10‚
333 1707 556 1751 postquam
585 1696 911 1737 Alexandrinum
943 1696 1231 1752 episcopatum
1269 1698 1347 1752 pei·
1377 1697 1487 1736 mul-

78 1785 143 1813 tos
174 1789 302 1813 annos
333 1773 479 1814 tenuit.
539 1776 760 1814 Annorum
800 1773 1038 1814 octodecim
1076 1789 1298 1814 numerum
1339 1774 1486 1814 definit

77 1848 283 1889 Eusebius
312 1848 354 1889 in
378 1848 604 1900 Chronico,
634 1850 842 1891 sexdecim
874 1850 916 1891 in
946 1850 1139 1891 historia:
1164 1851 1202 1905 ¹)
1234 1866 1378 1891 verum
1409 1868 1487 1906 pro

79 1925 340 1979 ἑκκαίδεκα,
382 1926 520 1982 aliqua
551 1927 801 1984 exemplaria
832 1927 1076 1983 praetulisse
1117 1927 1300 1977 ἕνδεκα,
1338 1928 1404 1967 vel
1434 1928 1490 1969 ita

79 2014 192 2044 certe
225 2002 368 2055 legisse
398 2003 647 2059 interpretes
678 2005 866 2060 aliquos,
898 2021 945 2045 ex
978 2003 1028 2044 iis
1060 2003 1206 2059 liquet,
1238 2021 1342 2060 quae
1372 2005 1415 2047 in
1444 2006 1490 2047 id

78 2092 370 2132 argumentum
409 2080 574 2137 scripsit
610 2081 830 2124 Baronius.
853 2080 896 2137 ²)
961 2081 1162 2121 Errorem
1203 2080 1292 2137 ipse
1331 2081 1374 2123 in
1414 2099 1491 2123 nu-

80 2173 244 2198 merum
272 2157 382 2198 hunc
411 2158 625 2214 irrepsisse
656 2158 773 2209 vidit,
809 2170 849 2199 et
880 2175 928 2199 ex
951 2158 1135 2199 Eusebio
1168 2160 1491 2214 quatuordecim

81 2234 228 2274 saltem
267 2235 383 2276 annis
432 2236 474 2277 in
512 2236 793 2277 Alexandrina
832 2237 1026 2277 cathedra
1064 2236 1287 2276 Heraclam
1338 2237 1491 2278 sedisse

84 2311 301 2354 conclusit.
359 2312 489 2353 Plane
530 2329 678 2353 verum
717 2325 777 2354 est
815 2312 915 2354 totis
957 2312 1197 2369 quindecim
1236 2314 1391 2355 sedisse
1421 2331 1492 2355 an-

83 2387 166 2440 nis;
194 2404 289 2429 nam
320 2390 370 2430 ab
402 2406 509 2430 anno
541 2390 769 2431 Alexandri
799 2390 989 2440 decimo,
1029 2407 1111 2445 quo
1155 2406 1264 2431 anno
1295 2393 1493 2446 ponimus

84 2464 340 2520 acquievisse
369 2467 661 2517 Demetrium,
692 2467 744 2507 ad
773 2465 964 2522 Philippi
995 2465 1189 2517 tertium,
1228 2468 1345 2523 pleni
1376 2469 1495 2525 quin-

86 2541 223 2582 decim
263 2542 359 2583 anni
397 2543 674 2585 intercedunt.
751 2543 994 2585 Dicendum
1039 2559 1136 2596 ergo
1176 2544 1416 2600 quindecim
1452 2547 1494 2586 in

208 2776 247 2830 ¹)
280 2776 364 2819 Cfr.
395 2778 547 2820 Euseb.
579 2780 687 2821 Hist.
718 2780 864 2820 eccles.
898 2780 969 2824 lib.
1005 2781 1074 2822 VI.
1109 2797 1195 2837 cap.
1228 2783 1294 2826 35.

205 2844 248 2899 ²)
280 2845 365 2887 Csr.
396 2847 547 2889 Baron.
579 2851 629 2890 ad
664 2866 757 2894 ann.
788 2849 883 2892 248.
914 2866 1026 2890 num.
1062 2851 1099 2893 1.
1135 2863 1173 2891 et
1205 2853 1243 2894 5.
