1759 3125
272 69 357 115 372
835 63 1068 108 Excunsus
1109 66 1137 107 1.

278 184 366 244 μὲν
397 174 480 227 οὖν
511 174 640 237 οἶμαι
669 178 746 233 τῆς
775 176 907 234 δόξης
947 180 1026 223 τοῦ
1066 181 1176 223 θεοῦ
1220 179 1359 225 αὑτοῦ
1405 181 1697 241 ἀπαύγασμα

279 259 396 307 εἶναι
426 259 506 303 τὸν
537 254 639 301 υἱόν
642 286 752 300 .....
815 256 910 299 Οὐκ
941 253 1066 312 οἶμαι
1093 255 1184 316 γάρ
1212 275 1314 301 τινα
1343 259 1392 302 τὸ
1423 261 1519 302 πᾶν
1549 260 1696 305 δύνα-

280 346 391 384 σθαι
413 339 623 396 χωρῆσαι
652 335 729 388 τῆς
760 329 862 388 ὅλης
891 332 1023 387 δόξης
1051 337 1130 377 τοῦ
1164 339 1273 379 θεοῦ
1305 335 1617 394 ἀπαύγασμα,
1659 342 1698 384 εἰ

278 417 342 478 μὴ
373 415 453 460 τὸν
485 413 587 458 υἷὸν
617 411 773 456 αὐτοῦ.

391 495 454 535 Ex
485 491 638 533 eodem
669 489 882 545 principio
915 488 1134 528 concludit
1163 500 1297 529 totam
1318 490 1452 534 Patris
1484 494 1701 535 scientiam

279 574 322 616 in
360 572 477 614 Filio
519 585 606 611 esse
645 569 770 610 Tom.
803 568 834 608 l.
873 565 915 606 in
954 566 1107 607 Joann.
1148 582 1262 607 num.
1292 567 1361 610 27.
1419 569 1527 612 Ἐὰν
1558 573 1611 615 δέ
1638 588 1700 619 τις

282 653 403 712 ζητῇ,
450 652 488 693 εἰ
518 650 614 691 πᾶν
655 644 771 700 ὅ,τί
798 659 908 688 ποτε
948 642 1243 700 ἐγνωσμένον
1283 642 1373 688 ὑπὸ
1413 648 1492 689 τοῦ
1532 648 1701 703 πατρὸς

280 727 392 774 κατὰ
432 725 482 771 τὸ
520 721 667 781 βάθος
704 725 782 766 τοῦ
826 717 1027 764 πλούτου
1068 723 1146 762 καὶ
1175 722 1251 774 τῆς
1281 727 1472 780 σοφίας,
1520 729 1596 767 καὶ
1625 728 1702 779 γῆς

279 804 489 865 γνώσεως
520 801 676 856 αὐτοῦ,
709 800 944 843 ἐπίσταται
977 795 998 842 ὁ
1033 795 1181 855 σωτήρ
1213 797 1367 856 ἡμῶν,
1410 805 1487 845 καὶ
1518 818 1701 860 φαντα-

281 890 358 940 σία
389 884 468 926 τοῦ
501 877 705 929 δοξάζειν
734 875 814 919 τὸν
843 879 1029 933 πατέρα,
1063 875 1384 934 ιἰποᾳαίνηταί
1418 896 1518 922 τινα
1553 896 1696 936 γινω-

281 959 482 1018 σκόμενα
507 954 596 1000 ὑπὸ
620 957 700 999 τοῦ
721 952 892 1011 πατρὸς
915 953 1187 1011 ἀγνοεῖσθαι
1216 954 1308 999 ὑπὸ
1340 958 1418 999 τοῦ
1450 959 1567 1011 υἱοῦ,
1601 957 1698 1013 (οὗ)

279 1037 576 1097 διαρκοῦντος
617 1035 887 1086 ἐξισωθῆναι
927 1037 1023 1081 ταῖς
1062 1031 1340 1089 καταλήψεσι
1382 1036 1462 1077 τοῦ
1502 1032 1701 1091 ἀγεννή-

278 1136 358 1163 του
388 1117 525 1160 θεοῦ·
558 1113 824 1155 ἐπιστατέον
863 1108 1001 1153 αὐτὸν
1033 1111 1081 1154 ἐκ
1112 1113 1191 1153 τοῦ
1224 1109 1445 1164 ἀλήθειαν
1475 1107 1592 1156 εἷναι
1622 1111 1702 1155 τὸν

279 1197 472 1250 σωτῆρα,
506 1192 582 1234 καὶ
612 1191 911 1247 προσακτέον,
947 1186 1028 1243 ὅτι,
1059 1191 1098 1232 εἰ
1130 1185 1371 1247 ὁλόκληρός
1391 1187 1558 1244 ἐστινὴ
1586 1187 1699 1245 ἀλή-

278 1281 398 1327 θεια,
432 1269 568 1314 οὐδὲν
610 1266 774 1320 ἀληθὲς
803 1264 986 1322 ἀγνοεῖ,
1028 1268 1104 1307 ἵνα
1143 1264 1207 1320 μὴ
1247 1264 1382 1326 σκιὲζῃ
1422 1266 1695 1321 λείπουσαὴ

277 1348 494 1404 ἀλήθεια,
544 1339 610 1393 οἷς
642 1342 693 1387 οῦ
723 1340 956 1399 γινώσκει,
1002 1340 1093 1384 κατ’
1129 1342 1351 1398 ἐκείνους,
1394 1343 1700 1401 τυγχάνουσιν

279 1430 330 1473 ἐν
358 1423 489 1485 μόνῳ
519 1425 581 1479 Τῷ
612 1423 776 1479 πατρὶ*
807 1416 832 1474 ἢ
865 1418 1082 1464 &elmuino
1113 1436 1197 1475 ug,
1246 1418 1313 1464 ὅτι
1345 1422 1467 1465 ἔστιν
1498 1419 1525 1465 ἃ
1556 1440 1700 1480 ’γινω-

279 1503 500 1563 σκόμενα,
521 1502 598 1555 τῆς
616 1497 830 1554 ἀληθείας
845 1501 1155 1555 προσηγορίας
1183 1497 1234 1541 οὐ
1256 1497 1557 1555 τυγχάνοντα,
1584 1498 1696 1542 ἀλλὰ

275 1582 391 1641 ὑπὲρ
422 1578 562 1634 αὐτὴν
599 1572 721 1622 ὅντα.

388 1657 503 1700 VIII.
564 1656 693 1698 Suam
735 1654 788 1695 de
827 1652 991 1709 Spiritu
1029 1664 1173 1694 sancto
1217 1654 1468 1695 sententiam
1504 1669 1592 1694 non
1624 1655 1698 1694 ob-

275 1753 396 1781 scure
427 1733 615 1776 declarat
645 1731 851 1785 Origenes
882 1731 1005 1773 Toni.
1035 1731 1158 1774 XIII.
1198 1731 1240 1772 in
1270 1731 1422 1775 Joann.
1467 1748 1583 1773 num.
1614 1730 1698 1780 36„

274 1815 350 1857 ubi
378 1825 513 1855 totam
549 1811 686 1854 Patris
723 1809 987 1849 voluntatem
1029 1807 1072 1849 in
1110 1808 1225 1850 Filio
1266 1825 1353 1852 esse
1392 1812 1698 1860 demonstrans,

272 1893 389 1934 idem
419 1892 473 1931 de
503 1888 668 1945 Spiritu
699 1891 842 1928 s'ancto
875 1885 1133 1928 considerari
1171 1885 1290 1944 jubet
1320 1899 1362 1929 et
1390 1887 1584 1941 intelligi.
1644 1885 1702 1929 Id

273 1975 434 2011 autem
456 1961 843 2008 considerandum
872 1971 956 2015 est,
985 1963 1136 2020 inquit,
1167 1971 1214 2006 et
1243 1962 1299 2006 de
1313 1963 1493 2021 Spiritu
1519 1971 1696 2009 sanem.

271 2048 389 2090 Haec
419 2055 561 2086 autem
591 2043 714 2083 illum
746 2057 832 2082 non
849 2041 1093 2082 dubitanter
1106 2041 1262 2093 dicere,
1293 2043 1368 2083 sed
1399 2058 1447 2082 ex
1477 2041 1554 2093 his,
1587 2058 1694 2098 quae
1757 2058 1759 2096 A

273 2125 327 2166 de
356 2122 472 2165 Filio
503 2130 726 2169 statuerat,
766 2118 870 2174 quid
901 2120 953 2159 de
985 2119 1149 2175 Spiritu
1177 2120 1441 2160 sentiendum
1473 2118 1547 2170 sit,
1587 2118 1698 2176 judi-

274 2202 342 2244 cio
373 2202 585 2241 lectorum
613 2195 884 2253 permittere,
917 2213 1012 2237 cum
1043 2213 1091 2237 ex
1120 2195 1170 2237 iis
1202 2207 1338 2252 patet,
1379 2212 1483 2252 quae
1524 2196 1698 2254 subjun-

274 2280 353 2335 git:
395 2277 553 2321 Ceteri
578 2280 735 2316 autem
763 2273 939 2322 sancti,
969 2272 1132 2329 inquit,
1163 2272 1282 2314 nihil
1307 2272 1485 2329 quidem
1502 2274 1696 2329 facient

267 2361 466 2414 praeter
493 2351 779 2394 voluntatem
810 2349 996 2400 Patris,
1036 2362 1126 2390 71on
1159 2357 1340 2402 tumen,
1380 2357 1434 2392 ut
1471 2358 1574 2393 tota
1604 2352 1700 2394 Dei

272 2433 486 2476 voluntas
515 2430 815 2485 imprimatur
844 2428 893 2468 z‘n
922 2429 999 2469 ils.-
1028 2440 1118 2468 turn
1151 2444 1198 2468 ex
1231 2444 1304 2479 eo,
1336 2430 1452 2484 quod
1483 2428 1607 2470 Tom.
1641 2431 1692 2472 ΙΙ.

271 2511 315 2553 in
346 2510 528 2551 eundern
558 2503 868 2558 Evangelistam
895 2521 1009 2546 num.
1044 2505 1081 2548 6.
1115 2522 1389 2562 quaecunque
1421 2518 1518 2547 sunt
1547 2507 1590 2547 in
1620 2507 1694 2548 Fi-

273 2589 347 2639 lio,
379 2603 427 2628 ea
455 2585 498 2626 in
531 2583 695 2639 Spiritu
723 2593 867 2623 sancto
900 2598 987 2624 esse
1020 2584 1167 2635 docet,
1210 2599 1390 2640 eumque
1425 2583 1589 2625 idcirco
1621 2584 1694 2625 Fi·-

272 2666 379 2707 lium
408 2679 494 2704 non
525 2677 634 2712 esse,
676 2660 773 2717 quia
802 2659 917 2700 Filio
950 2672 1066 2713 eget,
1104 2673 1150 2703 ut
1194 2662 1296 2702 haec
1329 2661 1469 2701 omnia
1499 2661 1690 2717 accipiat.

269 2746 369 2786 Non
399 2740 575 2784 dubium
606 2755 703 2792 ergo
735 2737 816 2779 fuit
847 2737 1034 2791 Origeni,
1069 2739 1169 2794 quin
1198 2750 1289 2780 tota
1316 2739 1451 2780 Patris
1485 2739 1691 2789 voluntas,

271 2833 318 2863 ut
347 2820 391 2862 in
419 2819 552 2870 Filio,
582 2816 641 2858 ita
670 2815 793 2857 etiam
824 2814 868 2856 in
899 2815 1064 2871 Spiritu
1094 2829 1237 2859 sancto
1271 2817 1335 2858 sit.
1396 2816 1506 2859 Hinc
1537 2827 1583 2858 ut
1612 2816 1690 2856 Pa-
