1759 3125
476 80 870 122 ORJGENIANORUM
906 80 1049 121 Lfflmz
1080 82 1110 121 I.
1449 80 1503 123 43

199 193 277 232 XI.
333 192 578 244 Digressum
606 191 730 240 inde,
769 190 939 246 Epheso
980 190 1190 231 transiisse
1221 208 1307 233 non
1337 206 1504 248 praeter

87 267 494 309 verisimilitudinem
542 267 657 308 credi
694 278 848 322 potest.
915 267 1071 308 Scribit
1108 267 1316 322 siquidem
1355 270 1503 323 Orige-

84 360 156 385 nes
186 344 228 384 in
261 361 326 400 ep.
367 347 418 386 ad
456 345 611 386 amicos
652 344 976 394 Alexandrinos,
1018 360 1060 384 se
1091 344 1316 399 aliquando
1347 347 1504 402 Ephesi

83 420 126 460 in
155 420 412 462 haereticum
443 423 652 478 quendam
682 420 889 471 incidisse,
922 420 994 476 qui
1026 437 1121 461 cum
1141 438 1191 462 ne
1216 425 1391 465 verbum
1411 425 1501 480 qui-

83 497 180 537 dem
210 514 352 539 secum
385 500 576 540 conferre
608 498 888 547 sustinuisset,
935 514 978 538 se
1008 509 1149 538 tamen
1176 498 1274 539 inde
1305 502 1502 555 profecto

85 574 307 615 confictam
346 576 473 617 falsae
514 574 808 631 disputationis
846 574 1067 614 historiam
1097 575 1254 615 misisse
1294 577 1345 616 ad
1377 578 1502 618 disci-

82 650 222 704 pulos,
255 653 467 709 aliosque:
508 665 550 693 at
589 669 685 693 eum
727 653 898 692 demum
928 651 1177 692 Antiochiae
1216 668 1344 693 vanos
1374 654 1501 695 falsae

84 726 286 769 victoriae
314 747 506 771 rumores
526 742 804 785 spargentem,
835 742 1059 785 postquam
1085 729 1190 769 illuc
1210 730 1393 780 accessit,
1423 749 1501 786 pu-

82 804 194 845 blice
227 807 474 859 coarguisse,
506 807 770 862 hominisque
812 806 1037 847 vanitatem
1080 807 1328 849 confutasse.
1388 809 1438 849 Id
1468 810 1501 849 si

86 882 176 935 quis
206 894 297 923 tum
329 884 551 936 contigisse
583 885 700 934 velit,
733 901 827 924 cum
859 884 925 924 vix
955 883 997 924 in
1037 882 1152 925 aliud
1192 896 1356 940 tempus
1384 886 1502 943 rejici

83 959 234 1012 possit,
276 961 427 1001 favebo
461 960 749 1017 conjecturae:
788 963 863 1002 sed
900 973 941 1002 et
978 960 1048 1001 hic
1089 978 1258 1017 quoque
1298 962 1503 1020 judicium

83 1050 205 1075 suum
234 1036 314 1077 sibi
343 1039 630 1094 unusquisque
660 1039 870 1091 integrum
901 1040 1073 1089 habeat3
1103 1055 1181 1080 nec
1214 1056 1359 1080 omnes
1391 1040 1503 1081 enim

84 1112 278 1165 Origenis
315 1116 672 1170 peregrinationes
722 1116 853 1157 literis
902 1116 1030 1156 fuisse
1075 1116 1246 1156 traditas
1297 1115 1502 1167 existimo,

85 1205 179 1230 cum
219 1191 308 1246 ipse
350 1194 596 1249 praesertim
642 1194 796 1234 alicubi
836 1210 878 1234 se
919 1194 1053 1233 multa
1092 1205 1227 1233 terrae
1260 1194 1352 1234 loca
1383 1211 1504 1249 pera-

82 1282 217 1318 grasse
247 1270 410 1312 doceat.
470 1271 590 1325 Quae
621 1271 702 1311 hoc
734 1287 831 1323 ergo
863 1272 984 1320 loeo,
1026 1282 1067 1310 et
1104 1270 1204 1311 alibi
1243 1271 1396 1326 passim
1429 1273 1504 1312 du-

83 1344 269 1387 bitanter
297 1360 600 1404 proponuntur
628 1365 651 1389 a
681 1348 817 1399 nobis,
848 1349 907 1389 sic
938 1348 1076 1388 lector
1106 1347 1284 1402 accipiat
1305 1360 1503 1403 tanquam

82 1438 218 1465 meras
249 1425 531 1481 conjecturas,
577 1426 736 1481 aliqua,
768 1425 802 1466 si
832 1426 966 1475 forte,
1004 1424 1371 1465 verisimilitudine
1403 1442 1504 1466 con-

84 1499 272 1557 junctas;
303 1503 441 1543 solida
468 1504 587 1543 nulla
617 1514 658 1542 et
690 1502 896 1543 constanti
925 1502 1089 1543 ratione
1119 1500 1324 1544 subnixas.

197 1579 292 1620 XlI.
353 1579 475 1620 Prius
495 1580 536 1633 ι)
571 1589 711 1619 autem
743 1595 866 1634 quam
897 1578 1080 1618 Athenas
1114 1577 1286 1628 veniret,
1315 1579 1503 1634 arripue-

84 1666 150 1695 rat
177 1655 259 1696 iter
287 1672 366 1712 per
393 1656 695 1705 Palaestinam,
728 1667 769 1695 et
800 1656 1025 1696 Caesareae
1056 1658 1107 1696 ab
1140 1655 1349 1710 episcopis
1378 1673 1505 1711 supra

82 1731 167 1789 jam
198 1732 539 1774 commemoratis
581 1731 852 1782 Theoctisto‚
892 1743 932 1772 et
961 1733 1227 1783 Alexandro,
1258 1734 1309 1773 ad
1339 1750 1504 1776 sacrum

82 1810 332 1867 presbyterii
363 1811 555 1852 ordinem
582 1812 719 1851 fuerat
748 1821 986 1866 provectus.
1043 1809 1266 1851 Prioresne
1295 1810 1378 1867 jam
1409 1825 1504 1854 ante

84 1889 317 1943 susceperit
347 1889 528 1939 ordines,
558 1904 703 1937 necne,
733 1903 821 1928 non
850 1886 1005 1943 liquet;
1048 1886 1173 1928 facile
1204 1887 1401 1943 equidem
1431 1892 1503 1932 ad·

82 2112 131 2153 z’n
179 2109 310 2153 doliis
358 2108 557 2163 latebat,
610 2110 818 2166 Nicopoli
850 2106 915 2150 ad
950 2109 1134 2151 Actium
1183 2118 1252 2152 est
1297 2113 1500 2155 inventa.

85 2182 170 2223 Pro
201 2182 263 2222 his
294 2181 452 2222 verbis:
494 2183 543 2224 ἓν
571 2188 696 2240 μέσῳ
736 2183 825 2223 τῶν
857 2178 1042 2234 χρόνων
1082 2178 1276 2234 τούτων,
1317 2182 1504 2238 Epipha-

83 2253 177 2293 nius
208 2253 275 2292 vel
306 2269 482 2302 annum,
523 2255 594 2310 qui
632 2251 797 2292 medius
836 2250 1124 2290 intercedebat
1166 2252 1217 2290 ab
1248 2251 1368 2292 initio
1400 2253 1503 2293 Elo-

85 2323 220 2376 gabali
250 2323 302 2362 ad
335 2323 560 2364 Alexandri
589 2324 740 2373 finem,
779 2321 824 2362 id
856 2332 936 2370 est,
978 2337 1132 2361 annum
1163 2321 1292 2376 ipsius
1323 2323 1504 2364 Alexan·

87 2393 152 2434 dri
181 2394 236 2444 5.,
267 2392 422 2434 Christi
452 2392 561 2443 226,
595 2394 661 2433 vel
691 2392 880 2433 medium
911 2390 1032 2431 unius
1067 2392 1291 2432 Alexandri
1321 2404 1503 2448 tempus,

86 2463 131 2504 id
162 2474 236 2514 est,
267 2479 421 2503 annum
453 2462 540 2520 ejus
570 2463 740 2519 imperii
770 2464 824 2512 7.,
856 2462 1010 2503 Christi
1039 2462 1157 2512 228„
1187 2462 1353 2503 indicat.
1416 2465 1501 2505 Sed

87 2545 200 2574 recte
232 2532 462 2590 conjiciunt
491 2533 714 2583 Baronius,
744 2532 939 2582 Huetius,
971 2532 1273 2573 Tillemontius
1305 2545 1346 2573 et
1377 2534 1502 2573 Mon-

87 2603 348 2653 tefalconius‚
380 2605 486 2644 hanc
524 2603 867 2659 Nicopolitanam
906 2603 1138 2644 editionem
1174 2602 1385 2642 inventam
1423 2619 1501 2657 po-

89 2672 169 2712 tius
198 2673 323 2714 fuisse
357 2689 465 2714 anno
494 2673 613 2727 2283
653 2675 769 2730 quod
806 2673 895 2729 ipsa
932 2673 1131 2714 historiae
1170 2672 1294 2713 series
1335 2673 1501 2713 videtur

92 2740 289 2785 indicare.
317 2744 369 2785 R.

211 2812 252 2867 ¹)
286 2811 373 2859 eft.
403 2811 557 2856 Euseb.
588 2813 696 2857 Hist.
728 2815 874 2856 eccles.
906 2813 979 2858 lib.
1010 2814 1082 2855 Vl.
1116 2828 1205 2868 cap.
1234 2810 1302 2856 23.
