1759 3125
215 826 1288 917 ORIGENIANORUM

354 999 609 1061 LOEER
673 996 1141 1059 SECUNDUS.

704 1129 793 1137 ——-

290 1255 698 1300 ORIGENIS
745 1253 1193 1298 DOCTRINA.

476 1368 594 1410 Libri
624 1367 797 1409 secundi
824 1365 1014 1423 partitio.

77 1454 92 1470 η

42 1455 280 1540 Explicata
312 1481 506 1534 Origenis
538 1482 643 1533 vita,
680 1480 894 1521 institutus
934 1480 1045 1519 ordo.
1082 1480 1288 1535 postulat,
1327 1489 1375 1518 ut
1404 1479 1455 1517 ad

48 1558 337 1614 exponendam
370 1556 456 1613 ejus
497 1556 734 1596 doctrinam
773 1554 1104 1611 progrediamur.
1172 1554 1222 1595 Id
1261 1550 1457 1609 proposi-

44 1648 134 1677 tum
164 1636 305 1674 fronte
336 1633 537 1689 simplex,
575 1633 799 1688 multiplex
839 1647 935 1672 sane
977 1642 1038 1672 est
1069 1631 1110 1671 in
1140 1646 1326 1671 recessu:
1357 1644 1453 1668 nam

46 1725 87 1753 et
118 1713 169 1752 de
200 1710 436 1751 eruditione
469 1709 674 1762 Origenis,
708 1721 747 1749 et
777 1709 839 1758 iis,
871 1708 1022 1764 quibus
1046 1707 1326 1764 potissimum,
1357 1705 1457 1745 dum

47 1789 228 1838 viveret,
259 1787 443 1828 animum
484 1787 728 1827 informavit
768 1785 924 1827 artibus
965 1797 1006 1826 et
1043 1784 1211 1834 studiis,
1254 1781 1459 1824 nonnulla

44 1865 351 1922 praemittenda
392 1872 544 1909 erunt.'
599 1865 708 1905 Tum
751 1866 946 1916 dogmata
980 1862 1093 1902 illius
1137 1861 1221 1901 suis
1267 1859 1460 1900 distincta

46 1954 341 2000 proponentur
380 1941 610 1996 capitibus;
659 1958 742 1981 non
786 1957 832 1980 ea
873 1940 1068 1995 quidem,
1116 1954 1220 1994 quae
1260 1934 1460 1977 ecclesiae

50 2020 226 2062 decretis
258 2035 442 2060 consona
471 2019 663 2058 universa
691 2018 878 2057 tulerunt
908 2016 1127 2068 suffragia,
1169 2016 1235 2055 vel
1268 2029 1372 2069 quae
1402 2013 1462 2052 le-

50 2097 178 2139 vioris
207 2108 303 2137 sunt
331 2096 562 2147 momenti3
599 2096 672 2136 sed
719 2111 824 2150 quae
865 2094 1034 2153 majoris
1075 2094 1119 2134 in
1150 2091 1463 2146 ecclesiapon-

53 2175 160 2215 deris
201 2190 223 2214 a
262 2172 558 2214 communibus
599 2184 640 2212 et
682 2172 861 2227 receptis
909 2170 1186 2223 suntraliena
1222 2166 1462 2218 sententii53

55 2267 181 2308 eaque
211 2250 480 2306 praesertim,
525 2265 628 2304 quae
659 2248 831 2289 Pau-um
868 2249 1045 2289 subinde
1086 2245 1267 2288 censuris
1299 2257 1340 2285 et
1369 2260 1464 2284 ana-

55 2329 247 2370 thematis
286 2328 544 2385 synodorum
597 2338 737 2366 vexata
791 2338 898 2367 sunt.
979 2325 1144 2379 Quibus
1193 2312 1465 2379 subjungetur

55 2406 328 2458 origenianae
361 2403 602 2452 doctrinae,
639 2420 724 2443 non
764 2403 899 2444 dicam
931 2402 1153 2458 apologia3
1195 2417 1290 2441 nam
1327 2414 1465 2454 neque

54 2483 201 2532 ausim,
227 2498 364 2537 neque
395 2496 491 2521 sane
533 2480 680 2521 velim:
721 2482 795 2521 sed
833 2492 1074 2521 accuratum
1113 2490 1155 2519 et
1197 2475 1466 2534 praejudiciis

48 2560 250 2600 omnibus
289 2559 468 2599 liberum
515 2574 561 2598 ac
610 2559 796 2598 solutum
848 2574 1031 2614 examen.
1104 2555 1213 2597 Hinc
1252 2556 1304 2594 nd
1334 2554 1466 2609 ipsam

58 2638 299 2688 dogmatum
329 2636 500 2675 illorum
535 2635 850 2676 describendam
882 2634 1122 2676 summatim
1159 2634 1371 2674 fortunam
1403 2646 1468 2670 ac-

63 2714 272 2764 cedemus,
304 2724 364 2761 ut,
395 2728 494 2767 quas
526 2711 742 2752 excitarint
773 2713 815 2753 in
845 2711 1021 2753 ecclesia
1051 2710 1274 2767 procellas,
1307 2705 1469 2763 quantis

61 2789 242 2847 partium
272 2788 418 2835 studiis
448 2801 685 2844 oppugnata
716 2801 755 2830 et
786 2790 1048 2845 propugnata
1077 2788 1181 2836 sint,
1220 2787 1358 2841 palam
1386 2783 1468 2823 fiat.

64 2870 203 2923 Atque
229 2865 284 2906 ita
308 2866 350 2907 in
381 2865 514 2920 capita
542 2877 722 2920 quatuor
753 2866 862 2906 liber
898 2866 974 2906 iste
1006 2863 1280 2905 distribuitur.
1324 2857 1470 2910 Lagi-
