1759 3125
217 118 302 162 41&
744 116 978 158 Excunsus
1006 118 1122 159 Vlll.

337 230 544 285 „Quaerit
583 229 728 271 multis
767 229 873 270 locis
912 230 1118 279 Judacus‚
1158 231 1260 286 quid
1291 232 1429 284 magni
1461 233 1649 276 Christus

224 308 388 363 feccrit,
421 320 469 349 ut
498 324 577 363 pro
609 306 725 347 Filio
758 307 843 347 Dei
873 308 1027 347 merito
1062 309 1275 351 habeatur.
1336 309 1571 362 Minaeum,
1610 325 1652 353 et

225 387 354 427 totius
393 386 543 425 mundi
587 385 639 424 ad
678 385 820 425 Deum
873 385 1193 425 conversionem
1246 386 1392 443 objicit
1434 389 1651 441 Origenes,

225 464 340 520 Ejus
389 461 671 513 divinitatis,
719 461 856 517 inquit
900 460 1037 513 ubst.
1088 479 1200 505 num.
1233 463 1325 514 67„
1371 472 1506 507 testes
1544 473 1650 507 sunt

227 549 296 583 tot
341 539 574 581 hominum
604 540 840 591 ecclesiae,
884 540 964 592 qui
999 550 1023 579 e
1064 541 1282 581 vitiorum
1330 541 1423 583 luto
1462 553 1652 585 emerse-

226 625 362 669 runt,
410 625 456 660 et
489 617 707 660 Creatori
743 614 1025 666 adhaerent,
1061 629 1117 657 ac
1148 620 1303 659 omnia
1333 631 1382 660 eo
1421 620 1652 673 referunt,

227 703 277 737 ut
326 698 373 737 εἰ
409 695 647 752 placeant.
726 695 792 733 De
837 693 918 733 hoc
948 693 1135 735 mirabili
1173 711 1302 751 opere
1352 695 1412 736 sic
1463 695 1653 752 loquitur

227 774 300 815 lib.
333 774 387 814 ΙΙ.
426 790 540 814 num.
574 772 640 815 79.
697 770 807 813 Ἀλλ’
843 771 942 814 ἐπεὶ
973 769 1165 828 δύναμις
1194 775 1272 815 τοῦ
1315 776 1423 817 θεοῦ
1467 771 1490 818 ὁ
1532 778 1654 832 Χρι-

227 851 329 901 στὸς
378 844 457 905 ἦν,
511 854 588 893 καὶ
633 853 777 906 σοᾳία
834 851 912 892 τοῦ
962 848 1153 905 πατρὸς,
1212 847 1288 893 διὰ
1331 854 1463 895 τοῦτο
1514 854 1654 896 ταῦτα

229 929 427 984 ἐποίησε,
461 929 538 970 καὶ
568 927 631 970 ἔτι
660 930 828 971 ποιεῖ.ιί

339 1009 505 1058 „Nemo
538 1016 601 1045 est
630 1020 741 1054 saue,
774 1004 858 1059 qui,
897 1004 931 1044 si
963 1004 1066 1044 hauc
1097 1003 1291 1057 Origenis
1324 1004 1560 1046 doctrinam
1593 1016 1654 1046 at-

226 1085 382 1127 tentius
415 1083 680 1131 consideret,
721 1098 808 1122 non
851 1098 942 1122 eam
985 1082 1155 1122 adversa
1197 1083 1338 1123 fronte
1380 1099 1477 1123 cum
1508 1099 1651 1124 errore

224 1164 383 1206 Ariano
415 1176 600 1218 pugnare
631 1160 823 1201 fateatur.
883 1160 1003 1200 Nam.
1038 1160 1066 1201 l.
1105 1163 1171 1200 An
1212 1159 1439 1200 Arianismi
1477 1160 1652 1202 nomine

224 1252 456 1297 suspectus,
488 1239 561 1294 qui
594 1237 806 1278 Christum
838 1253 923 1277 non
953 1232 1259 1291 metaphorice,
1288 1253 1375 1278 non
1406 1238 1653 1294 adoptione,

225 1320 300 1360 sed
331 1329 434 1359 vere
464 1314 636 1357 Filium
665 1314 762 1355 Dee·
787 1326 880 1355 esse
911 1325 997 1354 tam
1029 1315 1182 1354 acriter
1212 1315 1457 1356 contendit?
1502 1317 1554 1358 ll.
1587 1320 1652 1357 An

226 1394 346 1451 hujus
379 1391 534 1433 erroris
565 1390 703 1431 affinis
735 1406 822 1430 esse
853 1390 1001 1446 possit,
1035 1391 1106 1446 qui
1138 1390 1401 1431 divinitatem
1425 1392 1580 1434 Christi
1609 1393 1652 1434 in

224 1471 456 1528 Scripturis
499 1469 602 1510 novi
647 1468 907 1509 Testamenti
943 1484 1032 1508 non
1079 1467 1218 1508 minus
1269 1468 1654 1526 evidenterquam

225 1552 360 1607 ipsam
391 1548 694 1589 humanitatem
733 1546 915 1587 describi
956 1545 1198 1596 contendit,
1240 1545 1282 1585 in
1313 1546 1550 1602 prophetiis
1580 1565 1654 1589 au·

225 1642 312 1671 tem
336 1629 451 1669 -adeo
482 1637 678 1667 testatam
710 1637 751 1666 et
782 1625 1098 1674 confirmatam,
1143 1635 1191 1664 ut
1228 1624 1401 1666 Judaeis
1441 1627 1561 1667 nulla
1597 1626 1652 1668 sit

226 1705 373 1748 relicta
419 1703 656 1754 excusatio,
701 1701 821 1759 quod
861 1715 965 1744 eum
1011 1715 1101 1742 uon
1155 1699 1438 1744 crediderint
1480 1703 1649 1749 Deum.

223 1784 301 1826 lli.
342 1781 559 1837 'Denique
588 1797 715 1822 nemo
747 1781 799 1821 ad
831 1779 1115 1820 Arianismum
1147 1779 1289 1820 delabi
1316 1779 1464 1835 possit,
1495 1780 1576 1822 nisi
1604 1796 1652 1823 ut

224 1860 331 1902 tanti
360 1858 551 1918 mysterii
582 1858 915 1911 magnitudinem
944 1857 1117 1906 minuat,
1150 1869 1192 1898 et
1223 1858 1438 1913 opinatam
1468 1875 1650 1914 pugnam

225 1938 335 1979 inter
368 1936 635 1978 divinitatem
668 1948 709 1978 et
739 1953 907 1978 carnem
939 1934 1152 1976 conciliet.
1212 1938 1270 1976 At
1311 1935 1515 1988 Origenes
1546 1937 1652 1979 tanti

225 2015 417 2074 mysterii
442 2015 696 2067 cogitatione
729 2014 1010 2070 obstupescit:
1042 2015 1237 2054 hortatur
1254 2014 1473 2065 Ethnicos,
1503 2027 1550 2056 ut
1578 2016 1651 2056 ad·

225 2094 433 2137 mirentur
474 2093 666 2135 Verbum
696 2091 793 2133 Dec·
819 2090 1046 2132 hominem
1068 2090 1290 2144 factum:
1326 2094 1486 2134 nedum
1522 2093 1650 2134 altam

229 2187 380 2212 eorum
417 2182 459 2211 et
487 2169 714 2210 sublimem
755 2170 808 2209 de
847 2169 992 2210 Verbo
1036 2179 1078 2208 et
1107 2168 1222 2224 Filio
1251 2168 1335 2208 Dei
1367 2184 1413 2209 ac
1442 2169 1541 2210 Deo
1569 2186 1648 2211 no·

227 2249 391 2290 tionem
420 2247 612 2287 minuere
654 2258 810 2287 tentet:
846 2262 924 2285 nec
962 2245 1086 2285 aliam
1127 2244 1189 2285 rei
1218 2244 1491 2301 explicandae
1519 2247 1649 2288 ratio—

225 2343 325 2368 nem
354 2325 524 2381 repetit,
555 2323 636 2365 nisi
665 2339 771 2379 quae
804 2340 851 2363 ex
885 2324 1044 2363 duabus
1073 2322 1230 2363 naturis
1253 2323 1516 2381 hypostatice
1549 2341 1649 2366 con-

226 2404 380 2462 junctis
409 2402 594 2459 petitur;
641 2416 720 2442 nec
759 2399 840 2440 alia
879 2411 1144 2451 argumenta,
1187 2399 1268 2440 nisi
1300 2417 1407 2456 quae
1436 2403 1489 2442 ad
1517 2402 1646 2443 fidem

225 2493 313 2522 tam
343 2479 542 2536 stupendi
572 2477 760 2536 mysterii
789 2477 1024 2517 faciendam
1060 2477 1317 2532 pe1·tinent.“

341 2559 601 2614 „Postquam
632 2556 817 2598 ‚Iudaeus
846 2554 1081 2610 peroravit,
1129 2572 1286 2596 novam
1323 2556 1644 2611 quodammodo

226 2638 373 2680 Celsus
403 2652 587 2692 pugnam
618 2651 694 2676 suo
725 2633 897 2674 nomine
927 2633 1204 2686 redintegrat,
1235 2648 1281 2673 ac
1311 2648 1400 2673 non
1431 2634 1571 2675 solum
1601 2635 1645 2676 in

222 2715 367 2756 Deum
398 2713 644 2755 crucifixum
675 2711 852 2769 jocatur,
883 2711 959 2751 sed
991 2709 1116 2751 etiam
1135 2721 1324 2751 evertere
1344 2723 1520 2752 conatur
1537 2728 1642 2768 quae

221 2791 448 2835 Christiani
475 2792 527 2832 ad
558 2789 849 2832 defensionem
878 2788 1001 2846 hujus
1032 2788 1222 2846 mysterii
1251 2788 1498 2830 afferebant.
1558 2790 1643 2831 Mi-

218 2869 358 2912 rificus
398 2868 606 2923 Origenes
649 2879 690 2909 et
721 2866 764 2908 in
803 2867 1053 2923 exponendo
1096 2865 1321 2925 mysterio,
1348 2877 1389 2907 et
1418 2864 1463 2906 in
1494 2865 1640 2907 defen-
