1759 3125
264 107 347 152 102
679 111 820 154 Pssrm
849 111 1063 155 Damus
1104 112 1270 156 Hurrn

266 230 337 261 tur
366 221 419 261 de
449 222 688 266 eruditione
721 224 932 278 Origenis.
977 226 1033 266 Il.
1065 224 1277 278 Dogmata
1310 223 1440 279 ipsius
1473 223 1689 264 excutiun-

269 308 347 341 tur.
422 298 498 342 ΠΙ.
543 301 777 342 Doctrinae
839 301 926 360 ejus
973 303 1165 354 generale
1215 318 1387 343 examen
1438 300 1688 346 continetur,

270 375 340 416 IV.
370 376 561 419 Fortuna
590 379 806 420 doctrinae
842 378 1030 435 ejusdem
1059 390 1261 419 narratur.

645 750 922 801 CAPUT
976 748 1327 801 PRIMUM.

531 873 884 915 ORIGENI
912 873 940 914 S
996 872 1209 914 ERUD
1241 873 1436 913 1'1‘10.

279 1012 305 1053 l.
348 1013 592 1069 Scripturae
635 1013 955 1056 callentissimus
996 1015 1077 1055 fuit
1118 1014 1336 1066 Origenes.
1406 1013 1463 1053 ll.
1497 1014 1582 1055 Sed
1615 1013 1699 1052 lle·

274 1089 439 1130 braicae
471 1091 636 1145 linguae
666 1109 818 1148 parum
853 1091 1093 1142 consultus,
1133 1091 1418 1133 Samaritanae
1450 1106 1550 1131 vero
1582 1090 1701 1146 peni-

276 1177 341 1207 tus
382 1167 560 1219 ignarus.
635 1170 709 1210 Ill.
757 1168 1005 1224 Scripturae
1057 1169 1332 1224 interpretes,
1390 1169 1702 1222 scriptoresque

277 1245 583 1287 ecclesiasticos
613 1246 800 1286 studiose
841 1245 956 1298 legit,
1026 1246 1100 1286 IV.
1133 1247 1285 1287 Sacrae
1326 1243 1542 1286 doctrinae
1583 1259 1702 1284 causa

278 1322 463 1363 excoluit
493 1321 570 1372 τὰς
598 1325 782 1374 ἔξωθεν,
814 1321 1138 1378 Philosophiam
1167 1321 1436 1378 praesertim;
1475 1322 1526 1362 V.
1557 1321 1630 1362 sed
1663 1332 1703 1361 et

751 1400 936 1456 reliquas
976 1399 1230 1455 disciplinas.

394 1541 425 1580 Ι.
487 1540 678 1580 Primum
710 1540 819 1581 illud
850 1557 897 1581 ac
928 1540 1207 1596 praecipuum
1249 1539 1329 1580 fuit
1363 1538 1557 1592 Origenis
1589 1555 1611 1579 a
1640 1550 1703 1580 te-

280 1616 389 1675 neris
418 1617 624 1673 pueritiae
656 1617 773 1658 annis
803 1618 856 1658 ad
888 1617 1053 1658 obitum
1084 1633 1217 1673 usque
1248 1617 1461 1665 studium,
1502 1617 1556 1657 ad
1595 1615 1704 1657 inte—

280 1693 441 1734 riorem
472 1711 518 1735 ac
549 1695 814 1736 reconditam
853 1711 1062 1736 sacrarum
1104 1695 1324 1736 literarum
1354 1693 1550 1750 peritiam
1579 1709 1709 1750 pene-

281 1783 403 1812 trare.
464 1772 512 1812 In
555 1789 640 1829 quo
676 1766 849 1829 quidem
881 1771 938 1813 ita
968 1788 1010 1812 se
1042 1772 1257 1824 tractavit,
1288 1784 1336 1813 ut
1366 1771 1615 1813 admirabile
1647 1787 1709 1812 es-

284 1860 359 1899 set,
390 1866 467 1889 nec
501 1849 721 1906 quisquam
755 1849 909 1890 deinde
940 1861 1104 1890 tantum
1135 1849 1177 1890 in
1208 1866 1255 1890 ea
1279 1849 1577 1890 exercitatione
1609 1865 1709 1890 con-

283 1937 448 1966 secutus
487 1927 564 1978 sit;
603 1927 691 1968 sive
732 1927 897 1968 literam
938 1927 1098 1983 ipsam,
1140 1927 1501 1983 quemadmodum
1542 1937 1708 1975 vocant,

285 2015 461 2059 spectes,
494 2020 619 2059 quam
649 2016 783 2045 totam
814 2004 1048 2044 memoriae
1070 2004 1128 2045 ita
1154 2004 1536 2052 commendaverat,
1566 2015 1613 2043 ut
1644 2002 1708 2043 lo-

286 2097 356 2121 cos
387 2097 534 2121 omnes
565 2097 612 2121 ex
641 2093 860 2137 tempore,
901 2081 1026 2122 etiam
1065 2081 1182 2121 libris
1211 2079 1485 2130 inconsultis,
1514 2081 1708 2136 apposite

284 2157 500 2210 recitaret3
538 2157 625 2197 sive
666 2157 837 2200 intimos
877 2175 924 2199 ae
955 2160 1131 2199 latentes
1162 2174 1327 2208 sensus,
1354 2173 1472 2213 quos
1505 2168 1619 2198 tanta
1647 2173 1709 2198 sa-

288 2235 462 2289 gacitate
495 2234 616 2285 eruit,
648 2233 706 2283 ὡς
736 2236 782 2284 ἐξ
814 2237 1003 2290 ἐκείνου,
1037 2235 1175 2292 inquit
1205 2235 1371 2287 suidas,
1403 2233 1577 2283 πάντας
1606 2233 1711 2283 τοὺς

286 2318 526 2371 μετέπειτα
557 2315 633 2365 τῆς
663 2313 900 2367 ἐκκλησίας
930 2312 1236 2361 διδασκάλους
1275 2317 1351 2355 καὶ
1395 2310 1612 2370 ἀφορμάς
1643 2315 1710 2355 εἰ-

289 2395 496 2448 ληᾳέναι.
558 2390 605 2432 ld
639 2390 762 2431 facile
794 2408 842 2431 ex
872 2391 1025 2431 nostris
1067 2391 1289 2447 apparebit
1331 2389 1709 2438 observationibus,

289 2469 332 2510 in
363 2469 514 2526 quibus
546 2469 642 2509 loca
671 2468 846 2509 Patrum
879 2467 1127 2518 consimilia,
1160 2481 1201 2510 et
1231 2471 1281 2510 ab
1314 2467 1579 2520 Origenianis
1608 2483 1711 2523 pro-

290 2548 400 2589 fecta
439 2563 516 2603 per
556 2545 872 2602 παραπομπάς
910 2545 1156 2589 indicamus.
1228 2548 1317 2588 Nec
1357 2547 1494 2586 ullum
1526 2561 1625 2589 vero
1657 2545 1710 2585 ad

291 2624 538 2682 exquisitam
569 2623 810 2664 divinorum
838 2623 1117 2664 voluminum
1159 2624 1483 2680 comparandam
1513 2621 1711 2663 notitiam

291 2703 525 2744 subsidium
553 2701 755 2755 neglexit:
789 2717 884 2742 cum
915 2701 1078 2753 vulgata
1113 2701 1272 2758 quippe
1315 2701 1428 2757 apud
1461 2699 1709 2742 Alexandri·

292 2798 369 2822 nos
408 2779 669 2837 septuaginta
706 2795 850 2819 senum
892 2777 1241 2834 interpretatione
1281 2777 1380 2819 alias
1418 2777 1575 2830 magnis
1614 2793 1637 2818 a
1665 2792 1709 2818 se

291 2859 497 2900 sumtibus
535 2858 742 2899 redemtas
787 2855 989 2907 contulit,
1036 2856 1238 2913 Aquilae,
1289 2854 1623 2904 Theodotionis,
1672 2865 1713 2894 et
