1759 3125
211 104 264 148 18
627 102 768 143 Pss‘rtu
798 101 1012 142 Damssms
1051 100 1215 142 HUETH

326 215 503 272 Nova')
536 214 705 255 interim
739 213 915 269 Aquilae
946 212 1223 253 Alexandriae
1263 211 1468 267 praefecti
1499 210 1540 251 in
1574 226 1640 251 ec-

218 295 386 338 clesiam
418 292 613 332 detonuit
643 291 907 346 persecutio,
950 290 991 330 in
1024 306 1154 345 eaque
1188 289 1393 341 Origenes
1423 288 1641 341 singulari-

215 377 292 416 bus
323 370 439 420 fidei,
468 368 660 425 pietatis,
691 385 738 410 ac
770 367 1026 408 constantiae
1058 366 1360 422 speciminibus
1403 367 1524 407 editis
1555 382 1643 406 ma—

218 467 339 506 gnam
383 446 464 488 sibi
504 447 613 487 inter
655 445 914 487 Christianos
963 445 1118 484 samam
1157 455 1199 483 et
1248 443 1421 496 gratiam
1464 442 1644 499 peperit.

221 530 330 572 Cum
363 525 474 566 enim
504 524 770 564 traherentur
800 523 851 562 ad
884 538 1030 562 necem
1061 521 1269 578 Martyres
1294 521 1463 570 Christi,
1495 520 1644 561 obvios

219 605 568 662 amplectebatur,
601 601 881 641 assectabatur
913 610 1078 648 munes,
1110 598 1388 639 morientibus
1419 600 1573 647 aderat,
1606 609 1646 637 et

219 694 532 727 tormentorum
572 678 787 719 saevitiam
828 676 1159 717 allocutionibus
1200 687 1240 715 et
1277 676 1436 717 solatiis
1467 677 1646 716 levabat.

220 763 343 804 Unde
376 755 679 800 circumstantis
710 755 861 811 populi
895 771 1093 795 conversa
1125 754 1164 794 in
1196 771 1238 794 se
1270 753 1507 802 iracundia,
1540 752 1646 807 lapi-

221 840 344 881 dibus
375 835 614 892 appetitus,
654 850 749 872 cum
788 832 1049 872 nefariorum
1081 832 1303 872 hominum
1334 830 1400 872 vix
1433 830 1648 882 effugisset

221 935 382 966 manus,
412 913 553 955 statim
585 912 736 951 domus
768 910 877 968 ejus,
917 927 1041 966 quam
1081 909 1341 966 frequentari
1371 907 1649 950 catechume-

221 996 284 1037 nis
316 996 594 1039 adverterant,
625 988 792 1029 armatis
823 987 1064 1029 homiuibus
1097 987 1368 1028 circumsessa
1398 998 1471 1027 est.
1540 984 1649 1027 Mihi

221 1071 429 1130 imprimis
482 1084 631 1109 eorum
675 1067 882 1122 probatur
935 1065 1108 1121 opinio,
1154 1064 1226 1120 qui
1267 1063 1509 1120 tempestati
1552 1062 1650 1102 huic

223 1151 435 1204 egregium
466 1145 660 1197 Origenis
690 1144 864 1194 facinus,
895 1144 945 1184 ab
976 1142 1217 1198 Epiphanio
1249 1142 1374 1183 Haer.
1397 1140 1464 1183 64.
1496 1156 1588 1195 cap.
1610 1138 1650 1181 1.

223 1236 608 1270 commemoratum
648 1221 901 1280 adjungunt,
946 1221 1114 1277 quando
1157 1237 1253 1260 eum
1293 1221 1440 1260 adraso
1480 1217 1650 1266 vertice,

223 1307 368 1362 quales
410 1301 718 1361 Aegyptiorum
759 1301 954 1341 Deorum
999 1298 1181 1338 ministri
1229 1313 1315 1338 esse
1360 1297 1522 1346 solent,
1570 1310 1649 1350 pro

222 1383 309 1424 fani
338 1381 554 1437 Serapidis
594 1378 789 1431 gradibus
819 1388 1046 1417 statuentes
1076 1375 1273 1425 Ethnici,
1310 1374 1547 1430 palmarum
1588 1387 1652 1412 ra-

221 1475 315 1499 mos
346 1458 550 1514 praebere
581 1454 790 1512 jusserunt
820 1453 1144 1502 Sacerdotibus,
1176 1451 1247 1508 qui
1278 1452 1331 1492 ad
1363 1452 1561 1491 obeunda
1590 1466 1653 1490 sa-

224 1553 293 1577 cra
324 1535 656 1582 adscendebant,
698 1548 782 1588 quo
823 1547 943 1572 more
983 1546 1132 1570 eorum
1163 1529 1427 1580 gravissimae
1464 1544 1653 1569 ceremo-

222 1615 316 1655 niae
342 1612 630 1654 continentur.
692 1609 891 1665 Acceptis
921 1608 996 1648 ille
1026 1608 1265 1663 palmarum
1295 1606 1496 1655 surculis,
1532 1621 1654 1661 prae-

222 1692 330 1734 senti
360 1690 501 1731 animo
536 1702 577 1729 et
609 1699 775 1738 erecto,
829 1687 1039 1727 adstantes
1077 1685 1161 1725 alta
1199 1701 1304 1725 voce
1342 1684 1400 1725 sic
1444 1683 1654 1724 allocutus

225 1781 308 1811 est:
342 1767 536 1817 Adeste,
569 1751 762 1821 accipite
793 1777 1000 1814 ramum,
1034 1776 1123 1804 non
1156 1762 1317 1819 templa*
1341 1759 1473 1802 idolis
1504 1772 1655 1803 conse-

225 1847 373 1899 Graii,
410 1843 494 1887 sed
530 1843 718 1886 Christi.
791 1841 957 1896 Quibus
997 1840 1234 1881 Gentilium
1273 1840 1317 1879 in
1354 1856 1396 1880 se
1433 1838 1651 1879 concitatis

223 1922 394 1973 animis,
439 1922 607 1973 sugere,
653 1919 842 1969 latitare,
891 1930 932 1958 et
978 1919 1158 1959 latebras
1198 1918 1348 1957 crebro
1391 1926 1652 1956 commutare

223 2012 392 2043 coactus
426 2009 498 2040 est.

337 2079 394 2120 X.
457 2072 712 2116 Alexandria
750 2074 828 2113 sub
866 2072 982 2112 idem
1027 2082 1195 2126 tempus
1239 2069 1457 2111 excessisse
1494 2068 1650 2125 ipsum,

224 2168 266 2197 et
298 2155 545 2197 Caesaream
577 2149 873 2207 Cappadociae
907 2149 1145 2200 confugisse
1188 2159 1330 2188 censet
1357 2147 1567 2189 Baronius
1598 2148 1651 2188 ad

222 2250 318 2275 ann.
348 2231 443 2276 205.
474 2246 545 2271 no,
580 2229 642 2278 G.‚
681 2226 863 2269 Palladii
903 2226 1152 2267 auctoritate
1182 2237 1426 2281 permotus,
1457 2225 1529 2281 qui
1561 2242 1652 2282 cap.

225 2311 319 2354 147.
352 2309 581 2361 Origenem
612 2305 778 2354 scribit,
823 2320 918 2344 cum
959 2302 1194 2343 Gentilium
1237 2302 1503 2344 vexationem
1534 2303 1650 2354 fuge-

223 2400 301 2437 ret,
336 2388 563 2428 Caesareae
593 2384 706 2440 apud
735 2382 950 2423 ,lulianam
980 2381 1182 2434 virginem
1217 2381 1433 2422 delituisse
1463 2379 1650 2429 biennio,

226 2477 267 2506 et
305 2465 348 2506 in
389 2464 520 2505 literis
561 2462 750 2503 animum
786 2458 991 2499 habuisse.
1061 2459 1231 2499 Deinde
1270 2458 1373 2498 haec
1416 2456 1648 2498 subnectit:

222 2534 382 2602 Εὗρον
412 2542 461 2585 δὲ
491 2543 632 2584 ταῦτα
666 2536 754 2596 gyezi
785 2540 1086 2594 γεγραμμένα
1118 2538 1167 2579 ἒν
1186 2533 1476 2591 παλαιοτάτῳ
1492 2536 1650 2590 βιβλίῳ

223 2623 440 2678 στιχηρῷ,
487 2617 598 2676 ὅπερ
637 2617 892 2674 ἐγέγραπτο
925 2617 1047 2673 χειρὶ
1084 2613 1371 2669 Ὠριγείὀυς·
1423 2614 1557 2655 τοῦτο
1596 2609 1647 2654 τὸ

339 2843 380 2899 ¹)
413 2843 500 2885 Cfr.
530 2842 684 2884 Euseb.
716 2839 824 2881 Hist.
858 2840 1006 2882 eccles.
1041 2838 1111 2884 lib.
1146 2836 1183 2881 6.
1219 2853 1308 2892 cap.
1342 2836 1382 2880 3.
