1759 3125
207 88 261 131 10
626 87 766 129 PErm
798 87 1016 129 DAmEms
1049 87 1212 129 HUETH

206 215 307 256 quas
339 198 523 241 interdiu
553 192 779 243 blandit-'ias
809 200 1035 258 prudentia
1067 212 1109 241 et
1134 200 1311 254 gravitas
1329 197 1635 249 continuerant,

207 294 275 318 eas
303 289 434 319 noctu
464 278 623 334 patrius
654 295 773 321 amor
805 278 1085 335 exprimebat;
1123 280 1264 319 serunt
1294 276 1504 334 siquidem
1537 277 1636 317 dor-

205 355 374 396 mientis
414 355 656 396 cubiculum
694 356 817 413 pueri
856 372 980 412 saepe
1025 355 1255 407 ingressum
1287 367 1473 411 patrem,
1503 354 1636 395 nuda-

207 445 296 473 tum
328 433 405 473 filii
436 445 606 488 pectus,
647 433 706 474 sic
736 446 933 491 tanquam
974 432 1148 488 aliquod
1180 432 1362 488 Spiritus
1393 432 1526 473 sancti
1558 432 1634 471 do-

206 509 414 550 micilium
445 509 572 550 fuisse
604 512 906 564 exosculatum,
938 511 1120 565 Deoque
1151 522 1284 563 gentes
1316 509 1458 563 egisse,
1490 509 1566 566 qu'r
1592 526 1635 550 se

206 600 289 628 tam
322 587 438 629 felici
469 587 593 643 prole
626 588 817 630 auxisset.

318 666 369 706 V.
429 665 721 721 Postquam¹)
771 664 1015 706 domesticis
1053 664 1427 721 praeceptionibus
1459 666 1634 707 robora—

205 755 272 785 tus
304 743 467 783 animus
506 742 723 798 publicam
765 743 904 783 lucem
945 759 1143 799 quaerere
1175 744 1332 799 coepit,
1366 741 1636 797 Clementi²)

207 820 507 870 Alexandrino,
540 819 612 875 qui
641 820 843 861 Pantaeni
883 820 1072 861 scholam
1115 822 1340 873 regendam
1380 830 1636 875 susceperat,

207 899 248 939 in
282 898 548 953 disciplinam
589 897 767 938 traditus
810 910 892 948 est,
939 916 1024 955 quo
1062 899 1260 951 magistro
1299 910 1460 939 tantum
1503 896 1635 938 valuit

206 977 410 1030 ingeniosi
441 974 722 1016 adolescentis
756 975 1014 1026 exercitatio,
1045 988 1091 1017 ut
1121 988 1288 1032 praeter
1317 976 1470 1016 artium
1500 992 1635 1017 sacra-

205 1072 298 1096 rum
345 1053 636 1108 disciplinam,
683 1053 734 1093 ad
785 1070 909 1109 quam
960 1053 1258 1095 meditationes
1298 1054 1387 1094 sere
1425 1055 1637 1094 referebat

208 1148 377 1181 omnes,
417 1130 640 1170 maximam
673 1131 798 1171 etiam
831 1131 1052 1184 colligeret
1081 1132 1332 1172 memoriam
1363 1130 1634 1187 antiquitatis,

206 1222 247 1250 et
275 1208 588 1249 mathematicas
633 1209 685 1249 ad
724 1208 826 1249 haec
867 1221 997 1259 artes,
1036 1209 1363 1266 facultatemque
1404 1208 1634 1250 oratoriam

206 1286 463 1344 adjungeret.
533 1285 780 1341 Applicavit
818 1287 970 1327 deinde
1011 1304 1099 1328 sese
1140 1288 1191 1328 ad
1235 1287 1533 1337 Ammonium,
1565 1303 1635 1327 co-

205 1376 435 1418 gnomento
465 1364 663 1418 Sacc-un,
703 1376 743 1405 et
779 1364 822 1405 in
865 1364 952 1422 ejus
984 1364 1173 1405 exhedris
1202 1365 1405 1419 insignem
1436 1364 1636 1406 Philoso-

206 1442 330 1498 phiae
375 1440 572 1497 peritiam
625 1442 910 1497 comparavit,
956 1443 1030 1484 sed
1077 1443 1323 1484 Platonicae
1369 1441 1632 1499 praesertim,

207 1535 312 1576 quae
343 1530 427 1559 tam
468 1518 572 1558 altas
604 1518 647 1559 in
679 1518 767 1573 ejus
798 1519 938 1560 animo
969 1520 1129 1561 radices
1160 1521 1265 1574 egit,
1295 1533 1342 1562 ut
1370 1536 1634 1562 succrescen-

205 1609 266 1638 tes
300 1596 559 1638 Christianae
591 1596 810 1637 doctrinae
840 1598 978 1650 fruges
996 1597 1274 1651 interficeret;
1305 1616 1400 1641 nam
1432 1597 1633 1640 ecclesiae

206 1673 309 1715 scita
339 1674 429 1713 sere
462 1673 652 1726 exigebat
682 1675 735 1714 ad
764 1691 959 1716 normam
989 1676 1193 1727 Platonis,
1225 1688 1268 1717 et
1299 1677 1460 1718 sincera
1478 1674 1633 1718 Christi

208 1754 403 1805 dogmata
442 1752 700 1804 Platonicis,
734 1749 792 1794 'ut
832 1754 890 1796 ita
932 1755 1094 1807 dicam,
1142 1754 1359 1796 coloribus
1404 1753 1633 1795 obtinebat.

330 1957 370 2015 1)
407 1962 493 2003 Cfr.
526 1963 678 2004 Euseh.
711 1965 819 2006 Hist.
849 1965 1012 2009 Eccles.
1045 1966 1117 2012 lib,
1151 1966 1220 2006 Vl.
1255 1982 1344 2022 cap.
1377 1966 1416 2011 6.

327 2032 369 2088 ²)
403 2032 586 2073 Videtur
627 2033 669 2074 in
707 2034 783 2075 hac
829 2035 1061 2077 Clementis
1100 2036 1243 2077 schola
1287 2037 1630 2103 condiscipulum

208 2088 399 2129 habuisse
448 2090 757 2140 Alexandrum,
803 2092 1236 2150 Hierosolymitanum
1276 2106 1422 2149 postea
1470 2110 1632 2149 episco-

208 2163 334 2201 pum,
373 2145 507 2186 virum
548 2147 877 2198 sanctissimum,
920 2166 1045 2205 quem
1084 2151 1335 2191 acerrimum
1373 2151 1525 2192 deinde
1567 2150 1631 2191 sui

208 2204 474 2242 delensorem
508 2216 702 2258 expertus
735 2218 806 2246 est.
875 2208 1015 2247 Ambo
1049 2208 1159 2247 enim
1195 2210 1307 2263 apud
1338 2208 1490 2248 Euseb.
1524 2208 1632 2248 Hist.

206 2259 368 2300 Eccles.
410 2260 481 2301 lib.
521 2260 592 2300 Vl.
641 2278 728 2317 cap.
774 2262 836 2304 14.
907 2264 1172 2304 Clementem
1211 2277 1258 2304 ut
1303 2277 1544 2320 parentem,
1592 2275 1633 2304 et

210 2315 457 2357 conciliatae
487 2316 597 2357 inter
625 2334 667 2357 se
699 2319 906 2360 amicitiae
938 2333 1154 2360 auctorem
1177 2334 1417 2373 agnoscunt.
1463 2321 1630 2362 Eodem

209 2373 371 2413 honore
411 2386 457 2414 ut
494 2374 735 2425 magistrum
785 2390 1098 2432 prosequuntur
1135 2379 1407 2419 pantaenum.
1480 2379 1547 2418 Ad
1588 2377 1631 2417 id

208 2442 363 2478 antem,
394 2431 509 2485 quod
542 2431 690 2486 objicit
721 2432 971 2474 clarissimus
1003 2434 1181 2476 Huetius
1214 2452 1259 2475 ex
1296 2435 1501 2484 Eusebio,
1533 2434 1631 2476 Ori-

209 2502 359 2538 genem
399 2486 523 2526 etiam
560 2498 651 2528 tum
699 2507 877 2545 puerum
921 2491 1151 2532 Clementis
1199 2493 1439 2533 auditorem
1478 2491 1630 2542 fuisse3

207 2554 305 2598 post
333 2543 593 2583 Pantaenum
635 2558 772 2587 autem
815 2547 1116 2588 Alexandrinae
1154 2550 1324 2589 scholae
1364 2549 1628 2590 Clementem

207 2599 450 2655 praefuisse,
480 2603 710 2655 respondet
740 2604 1065 2653 'sillemontius,
1094 2605 1350 2645 Pantaenum
1383 2605 1555 2660 quidem
1586 2603 1628 2644 in

209 2656 380 2697 Jndiam
419 2658 658 2711 profectum
699 2677 786 2701 esse
827 2663 934 2702 circa
981 2677 1133 2701 annum
1179 2661 1333 2702 Christi
1374 2662 1489 2711 189„
1530 2678 1626 2701 cum

210 2714 450 2767 quadrimus
492 2715 628 2755 adbuc
669 2729 755 2757 erat
794 2718 1019 2770 Origene53
1060 2719 1133 2758 sed
1163 2717 1301 2773 ipsum
1339 2729 1487 2773 postea
1527 2718 1628 2759 Ale-

206 2769 418 2810 xandriam
449 2771 636 2821 rediisse,
666 2786 713 2814 ut
743 2775 870 2816 docet
890 2775 1173 2832 Hieronymus
1191 2775 1231 2816 in
1253 2775 1438 2828 Catalog.
1471 2775 1626 2830 Script.

207 2826 448 2868 Ecclesiast.
481 2844 569 2884 cap.
603 2829 670 2874 36.
703 2832 753 2874 R,
