1759 3125
661 120 899 162 Excunsus
930 118 961 160 Ι.
1436 119 1514 164 361

109 235 289 277 ibidem:
324 234 423 278 AM?
457 232 507 277 οὐ
539 235 672 289 θέμις
700 233 837 287 ἐστὶν,
870 230 976 276 οὐδὲ
1008 228 1256 274 ἀκίνδυνόν
1288 231 1410 274 ἔστιν
1440 234 1514 276 διὰ

109 311 194 365 τὴν
223 312 463 355 ἀσθένειαν
491 308 624 368 ἡμῶν
652 308 720 366 τὸ,
754 307 865 352 ὅσον
894 307 965 364 ἐφ’
998 307 1132 362 ἡμῖν,
1166 307 1516 367 ἀποστερεῖσθαι,

109 387 189 432 τὸν
225 388 336 432 θεὸν
372 389 452 431 τοῦ
493 385 564 430 ἀεὶ
600 385 815 434 συνόντος
856 384 975 440 αὐτῷ
1015 382 1179 440 Λόγου
1218 390 1515 443 μονογενοῦς,

109 469 288 521 Σοφίας
318 460 444 511 ὄντος
472 454 498 523 ᾗ
528 466 839 520 προσέχαιρεν.
897 459 1024 506 Οὕτω
1056 460 1144 518 γὰρ
1178 461 1283 506 οὐδὲ
1314 462 1385 508 ἀεὶ
1406 470 1519 521 χαί-

110 556 203 597 ρων
232 538 516 595 νοηθήσεται.

219 616 294 657 His
325 616 369 657 in
398 616 504 657 locis
533 632 620 657 non
649 615 753 657 Filii
791 617 931 658 solum
959 615 1180 657 aeternitas
1210 617 1519 660 accuratissime

108 693 363 749 explicatur,
394 694 468 734 sed
503 693 593 750 ipsa
623 693 747 735 etiam
777 693 1004 750 aequalitas
1042 710 1136 734 cum
1174 692 1322 746 Patre3
1357 695 1392 735 si
1429 697 1520 751 qui-

107 771 227 819 dem,
258 771 373 826 quod
402 769 461 811 ait
488 771 712 824 imaginem
744 787 830 812 esse
860 770 1128 820 invisibilem,
1158 770 1192 811 si
1221 771 1347 812 Pater
1377 771 1521 814 invisi-

105 846 224 899 bilis,
264 846 308 887 id
346 848 427 888 hoc
464 847 678 903 principio
708 847 877 898 nititur,
908 847 1114 903 quidquid
1145 860 1206 888 est
1234 848 1277 889 in
1308 849 1446 901 Patre,
1476 850 1520 891 in

106 923 220 964 Filio
260 940 360 965 esse.
429 924 606 965 Fatetur
641 925 836 966 Petavius
876 925 949 967 lib.
982 927 1014 966 Ι.
1058 926 1110 966 de
1150 925 1301 967 Trinit.
1346 944 1435 983 cap.
1466 928 1520 979 4.,

107 1001 209 1041 haec
238 1001 413 1042 mirifica
445 1016 546 1051 esse,
575 1017 622 1042 ac
642 1001 676 1041 si
698 1001 787 1057 quis
809 1002 928 1052 alius,
960 1018 1083 1058 quam
1102 1002 1360 1054 Athanasius,
1391 1004 1521 1046 fidem

104 1078 282 1127 faceret,
322 1078 479 1119 intexta
519 1078 712 1131 Origenis
759 1079 875 1120 libris
914 1079 1041 1121 fuisse
1080 1079 1366 1135 suspicionem
1411 1082 1518 1124 fore.

104 1155 202 1195 Non
231 1166 353 1207 negat
382 1155 582 1206 Huetius,
613 1155 721 1196 infra
750 1173 864 1197 num.
899 1158 971 1198 lV.
1005 1169 1047 1197 et
1076 1157 1248 1206 XXIV„
1280 1157 1382 1197 haec
1423 1158 1521 1200 Ori-

104 1247 251 1284 genem
283 1232 456 1285 dixisse3
486 1244 527 1274 at
558 1249 608 1273 eo
640 1249 761 1274 sensu
792 1233 964 1283 dixisse,
994 1250 1077 1289 quo
1109 1234 1293 1274 Nicaena
1324 1234 1427 1274 dixit
1455 1251 1520 1292 sy-

104 1311 263 1359 nodus,
305 1309 350 1349 id
388 1326 490 1350 vero
531 1310 667 1351 fateri‘
692 1327 778 1351 non
814 1322 969 1366 potest.
1029 1311 1114 1352 Sed
1143 1311 1196 1351 ad
1226 1311 1521 1352 auctoritatem

107 1386 335 1437 Athanasii,
365 1402 469 1442 quae
500 1387 568 1427 vel
597 1388 688 1429 sola
717 1387 976 1443 suspiciones
1006 1403 1147 1427 arcere
1179 1388 1373 1438 deberet,
1404 1405 1521 1429 acce-

108 1464 213 1503 dunt
241 1464 374 1504 multa
403 1464 485 1504 alia
516 1463 710 1516 Origenis
749 1464 1013 1514 testimonia,
1057 1464 1210 1520 partim
1256 1463 1338 1520 jam
1383 1463 1521 1516 citata,

103 1540 258 1596 partim
291 1542 422 1582 modo
454 1541 631 1591 citanda,
659 1542 702 1582 in
734 1541 883 1598 quibus
914 1543 1060 1583 eadem
1090 1558 1262 1597 prorsus
1293 1543 1344 1583 de
1377 1544 1519 1584 Verbo

107 1628 149 1658 et
177 1619 403 1673 splendore
433 1629 650 1659 asseverat.

221 1695 390 1736 lnitium
428 1696 578 1737 ducam
614 1696 665 1735 ab
704 1695 854 1748 insigni
892 1696 990 1737 loco
1032 1695 1193 1737 Homil.
1225 1696 1298 1737 IX.
1329 1695 1371 1736 in
1401 1698 1521 1738 Jere-

108 1772 262 1825 miam,
309 1773 383 1813 ubi
421 1774 710 1814 demonstrans
741 1773 966 1826 Origenes,
1016 1773 1159 1814 divino
1201 1773 1357 1813 auxilio
1394 1774 1520 1815 nobis

104 1857 216 1905 'opus
247 1866 334 1891 esse
363 1851 416 1890 ad
446 1850 631 1903 singulos
663 1862 778 1891 actus
810 1861 851 1891 et
879 1850 923 1891 in
952 1851 1123 1903 singulis
1154 1849 1263 1890 vitae
1280 1851 1521 1901 momentis,

108 1926 245 1967 utitur
274 1927 468 1982 exemplo
498 1927 735 1977 salvatoris,
767 1926 858 1982 qui,
891 1938 1094 1982 quatenus
1124 1938 1186 1968 est
1214 1927 1419 1983 splendor
1446 1945 1520 1983 pa-

104 2016 248 2045 ternae
278 2004 459 2056 gloriae,
487 2004 647 2045 tamdiu
676 2016 915 2056 generatur,
948 2004 1149 2060 quamdiu
1179 2005 1251 2044 lux
1280 2004 1353 2046 illa
1381 2005 1523 2060 splen-

108 2080 223 2122 doris
261 2080 446 2122 efficiens
478 2081 646 2122 exsistit.
696 2080 767 2122 Sic
797 2080 923 2134 igitur
951 2081 1140 2137 loquitur
1164 2098 1279 2122 num.
1298 2081 1336 2123 4.
1386 2079 1520 2125 ''ldm-

107 2174 195 2214 μεν
220 2159 293 2209 δὲ,
332 2163 397 2208 τίς
434 2157 566 2215 ἡμῶν
606 2159 727 2201 ἐστιν
768 2158 790 2201 ὅ
832 2157 1001 2216 σωτήρ·
1040 2157 1327 2216 ἀπαύγασμα
1369 2157 1518 2213 δόξης.

113 2235 178 2279 Τὸ
216 2233 500 2292 ἀπαύγασμα
527 2238 603 2290 τῆς
639 2233 770 2290 δόξης
810 2235 913 2292 οὐχὶ
953 2234 1075 2286 ἅπαξ
1115 2241 1403 2293 γεγέννηται,
1444 2239 1521 2278 καὶ

109 2312 211 2370 οὐχὶ
240 2315 470 2369 γεννᾶται.
523 2312 631 2355 Ἀλλ’
673 2311 785 2357 ὅσον
824 2314 919 2357 ἐστὶ
957 2313 1005 2357 τό
1046 2316 1143 2372 (μῦς
1172 2312 1409 2367 ποιητικὸν
1438 2316 1517 2357 τοῦ

109 2388 494 2447 ἀπαυγασματος,
534 2390 612 2433 ἐπὶ
648 2394 864 2435 τοσοῦτον
903 2394 1120 2449 γεννᾶται
1151 2389 1198 2434 τὸ
1229 2388 1518 2447 ἀπαύγασμα

107 2470 186 2522 τῆς
214 2465 345 2521 δόξης
382 2469 460 2509 τοῦ
497 2469 622 2511 θεοῦ.
686 2465 733 2512 ‘0
771 2467 918 2526 σωτήρ
959 2467 1089 2524 ἡμῶν
1129 2470 1271 2523 σοφία
1311 2467 1404 2509 ἐστὶ
1439 2468 1519 2510 τοῦ

109 2546 237 2589 θεοῦ.
286 2540 412 2586 ’Ἐστι
442 2544 492 2587 δὲ
521 2541 547 2598 ἡ
579 2550 721 2602 σοφία
750 2545 1038 2602 α’παύγασμα
1071 2543 1221 2602 φωτὸς
1251 2541 1416 2587 ἀϊδίου.
1461 2548 1520 2586 Εἰ

112 2613 195 2664 οὖν
224 2618 247 2664 ὁ
276 2617 422 2675 σωτὴρ
452 2619 524 2664 ἀεὶ
551 2625 782 2679 γεννᾶται,
815 2626 891 2667 καὶ
914 2621 989 2666 διὰ
1013 2623 1142 2666 τοῦτο
1163 2624 1305 2678 λέγει·
1340 2620 1462 2678 ,,πρὸ
1482 2622 1519 2676 ¹)

113 2697 165 2740 δὲ
196 2695 380 2740 πάντων
408 2701 588 2750 βουνῶν
615 2702 754 2757 γεννᾷ
786 2703 907 2757 με·“
953 2699 1053 2756 οὐχὶ
1084 2700 1155 2743 δέ·
1197 2698 1285 2756 πρὸ
1319 2699 1366 2741 δὲ
1399 2696 1521 2741 πιὲν-
1566 2710 1569 2713 ’

233 2851 273 2907 ¹)
305 2851 426 2891 Pr()v.
462 2853 573 2900 Vlll,
605 2852 669 2894 25.
