1759 3125
476 112 862 154 OfllGENIANORUM
892 113 1031 154 Lnnzn
1063 113 1093 153 Ῑ.
1428 115 1482 158 69

79 239 272 264 securum
311 222 348 263 ei
388 225 500 278 apud
537 224 746 265 Julianam
782 224 1020 280 perfugium
1068 223 1297 277 assignavit.
1365 225 1479 266 Haec

77 301 288 340 abundans
317 299 481 355 opibus,
513 316 661 356 easque
691 300 734 341 in
764 301 963 342 ecclesiae
980 301 1204 342 commoda
1222 301 1479 356 profundere

78 376 223 427 solita,
260 385 431 418 ‘summa
470 377 721 418 liberalitate
759 377 975 418 hominem
1014 379 1064 418 de
1105 378 1322 433 republica
1362 378 1480 420 Chri-

73 453 203 494 stiana
237 453 395 509 optime
425 454 623 495 meritum
655 455 872 509 complexa
902 466 985 506 est;
1022 470 1099 495 nec
1138 454 1321 511 hospitio
1362 471 1479 495 exce-

75 530 138 586 pit
168 532 317 581 solum,
347 532 421 572 sed
450 531 707 572 bibliotheca
737 531 881 580 etiam,
913 548 1036 587 quam
1067 531 1426 572 instructissimam
1456 547 1479 571 a

76 608 327 666 Symmacho
359 608 635 650 haereditario
666 607 757 665 jure
789 608 1015 650 obtinebat.

191 686 264 728 ΙΙΙ.
324 685 418 727 Illic
465 685 621 738 insigne
663 685 953 741 Hexaplorum
993 702 1098 741 opus
1138 696 1228 725 tum
1264 683 1479 725 inchoasse

77 762 303 815 Origenem
333 762 538 812 existimo,
568 762 791 803 maximam
822 774 990 804 nactum
1021 762 1225 803 librorum
1266 760 1479 817 suppelle-

75 839 232 891 ctilem,
263 851 304 880 et
332 839 723 895 interpretationum
754 840 1000 896 praesertim
1019 839 1273 895 Scripturae‚
1305 854 1404 893 quas
1434 836 1475 877 in

73 932 169 956 suos
197 933 293 957 usus
326 917 542 970 collegisse
573 917 872 975 Symmachum
904 916 1129 958 verisimile
1155 927 1228 966 est,
1261 931 1355 956 cum
1385 913 1476 969 ipse

71 1009 186 1033 suam
216 994 450 1034 adornaret.
508 994 602 1034 Jam
631 993 810 1049 primam
850 994 1021 1050 quidem
1050 1009 1198 1035 eorum
1229 990 1478 1047 descriptio-

70 1087 165 1110 nem
204 1070 344 1111 animo
391 1072 717 1127 praeformasse,
768 1087 864 1111 cum
909 1082 1142 1112 versaretur
1188 1067 1476 1118 Alexandriae,

71 1148 376 1203 nonnullasque
416 1149 468 1188 ad
502 1147 545 1188 id
575 1148 817 1204 Scripturae
854 1147 1220 1204 interpretationes
1259 1146 1476 1200 collegisse

74 1237 113 1265 et
165 1224 389 1265 contulisse
439 1225 668 1278 significare
721 1225 887 1266 videtur
922 1225 1129 1266 Eusebius
1174 1225 1280 1266 Hist.
1331 1224 1477 1265 eccles.

73 1302 144 1342 lib.
176 1303 248 1345 VI.
280 1318 367 1358 cap.
400 1302 489 1352 16.,
531 1318 631 1358 quas
674 1314 715 1343 et
751 1300 911 1355 magnis
950 1302 1088 1358 ipsum
1123 1301 1329 1343 sumtibus
1358 1301 1478 1342 rede-

73 1379 195 1420 misse
244 1378 302 1419 ait
348 1378 629 1437 Hieronymus
676 1379 748 1421 lib.
780 1379 831 1422 Il.
872 1379 1001 1435 Apol.
1043 1379 1084 1418 in
1122 1379 1262 1421 Rufin.
1302 1395 1389 1434 cap.
1420 1377 1475 1430 9.,

74 1455 297 1497 Caesareae
338 1472 436 1496 vero
482 1456 776 1512 Cappadociae
820 1455 929 1496 serio
968 1472 1138 1497 manum
1179 1455 1300 1511 operi
1332 1456 1477 1496 admo-

71 1532 175 1573 visse
204 1544 333 1588 putO,
371 1533 473 1590 Tyri
510 1533 676 1588 penitus
712 1532 950 1573 absolvisse.
1021 1532 1082 1572 Ex
1114 1549 1196 1588 quo
1226 1531 1478 1584 intelligitur

72 1609 300 1665 Epiphanii
328 1609 451 1658 ratio,
483 1609 582 1666 Tyri
615 1625 661 1650 ea
693 1610 905 1650 elaborata
938 1608 1060 1650 fuisse
1090 1608 1360 1660 testificantis,
1394 1609 1476 1650 hoc

73 1698 134 1727 est
162 1686 314 1742 partim
345 1685 468 1743 Tyri,
511 1685 664 1741 partim
708 1687 750 1727 in
796 1686 844 1727 iis
883 1685 1010 1736 locis,
1059 1685 1102 1726 in
1134 1685 1283 1742 quibus
1311 1702 1474 1726 moram

71 1763 173 1804 fecit
203 1763 404 1816 Origenes
442 1763 587 1816 viginti
627 1775 723 1804 octo
762 1779 966 1804 annorum
998 1764 1195 1813 decursu,
1237 1780 1341 1819 quos
1373 1763 1475 1821 Tyri

73 1852 186 1880 actos
213 1839 473 1895 Epiphanius
493 1841 530 1897 ¹)
562 1841 666 1880 falso
698 1839 984 1881 arbitrabatur.
1045 1841 1160 1881 Haec
1189 1857 1212 1880 a
1241 1839 1363 1880 nobis
1394 1851 1477 1880 tra-

73 1919 294 1957 ctabuntur
329 1917 515 1958 inferius.
585 1917 820 1958 Commode
864 1933 962 1957 vero
1001 1918 1054 1957 ad
1092 1933 1183 1957 eam
1221 1916 1477 1958 lucubratio-

72 2011 169 2035 nem
197 1994 345 2034 referri
375 2005 527 2049 potest,
559 1995 673 2049 quod
709 1995 761 2034 de
798 2010 840 2034 se
873 1993 974 2034 dicit
1006 1993 1207 2047 Origenes
1238 1995 1350 2050 apud
1379 1994 1477 2036 Sui-

74 2072 239 2126 dam,²)
269 2072 441 2112 solitum
468 2088 554 2112 esse
577 2071 668 2121 sibi,
701 2073 750 2115 ἐν
780 2077 951 2128 καιροῖς
982 2071 1172 2120 ἀνέσεως
1194 2074 1472 2128 ([ιλολογεῖν,

71 2152 144 2193 καὶ
179 2148 394 2207 ἀκριβοῦν
423 2148 476 2192 τὰ
507 2148 795 2206 ἀντίγραφα·
827 2149 949 2189 facile
978 2148 1089 2189 enim
1109 2150 1367 2204 persuadeor
1384 2166 1477 2190 suc-

72 2226 207 2267 cisivis
245 2226 358 2267 horis
399 2225 508 2266 varia
545 2226 683 2281 ipsum
732 2226 982 2282 exemplaria
1030 2226 1154 2268 simul
1202 2225 1477 2276 contendisse,

76 2303 146 2360 qui
176 2304 297 2344 labor
326 2303 377 2343 ad
409 2303 627 2344 condenda
657 2303 845 2358 Hexapla
876 2315 962 2344 erat
992 2303 1122 2344 veluti
1153 2302 1429 2362 παρασκευή.

184 2382 252 2422 lV.
311 2380 559 2421 Ambrosius
596 2379 765 2421 interim
803 2379 883 2437 jam
913 2398 1038 2438 supra
1068 2381 1189 2423 nobis
1220 2397 1478 2421 commemo-

72 2469 195 2508 ratus,
226 2469 266 2498 et
297 2456 571 2499 Caesariensis
602 2457 800 2498 ecclesiae
830 2460 1049 2517 presbyter
1076 2460 1366 2507 Protoctetus,
1408 2457 1479 2498 ssa-

197 2706 236 2761 ¹)
267 2707 352 2749 Csr.
383 2707 587 2764 Epiphan.
620 2710 744 2753 Hacr.
785 2711 850 2756 64.
893 2728 979 2768 cap.
1013 2711 1076 2762 3.,
1116 2724 1155 2752 et
1196 2712 1247 2752 de
1276 2709 1405 2766 pond.
1438 2719 1474 2747 ct

79 2777 203 2804 mens.
235 2778 322 2817 cap.
355 2763 419 2807 18.

194 2831 237 2887 ²)
270 2831 354 2874 Csr.
385 2832 532 2875 Suldas
561 2835 604 2876 in
636 2836 749 2890 Orig.
