1759 3125
457 111 848 151 ORIGEMANORUM
880 108 1022 148 LIBER
1056 108 1103 147 ΙΙ.
1391 109 1473 153 213

58 231 232 274 ventus,
263 233 344 277 qno
376 217 605 262 descendit
635 218 702 261 ad
730 227 894 262 terras.
940 219 1002 261 Et
1033 216 1100 260 ad
1110 217 1302 260 Esaiam
1331 222 1466 271 venit,

56 308 102 342 et
132 298 199 341 ad
223 298 374 340 Mosen
405 298 541 346 venit,
572 303 618 337 et
648 293 714 337 ad
733 295 950 352 populum
980 297 1118 344 venit,
1149 301 1195 336 et
1227 291 1464 335 adunum-

55 386 265 431 quemque
289 371 626 429 prophetarum
657 375 802 415 venit:
830 385 972 428 neque
1001 379 1052 414 tu
1075 373 1251 422 timeas,
1282 373 1469 413 etiamsi

51 453 148 506 jam
179 450 297 492 coelo
329 457 538 505 receptus
568 456 648 500 est,
679 451 849 491 iterum
879 451 1040 490 veniet.
1082 447 1203 500 Quia
1232 455 1386 489 autem
1416 455 1463 489 et

53 534 160 570 ante
181 529 498 583 praesentiam
529 526 766 568 carnalem
797 524 862 567 ad
877 525 1078 567 homines
1095 526 1287 578 venerit,
1315 526 1463 580 ipsum

52 606 203 660 accipe
236 610 397 646 testem
435 601 787 644 denuntiantem
825 609 962 658 atque
1001 599 1244 644 dicentem:
1281 600 1463 652 „Hieru-

49 682 191 731 salem,
213 682 251 737 ¹)
284 680 570 734 Hierusalem,
612 697 715 736 quae
747 679 905 720 occidis
935 679 1188 735 prophetas,
1229 689 1270 718 et
1299 677 1460 733 lapidas

48 774 143 808 eos,
183 757 253 814 qui
293 757 406 798 missi
442 769 538 798 sunt
575 757 625 798 ad
665 767 728 808 te,
768 757 934 813 quoties
971 756 1088 797 volui
1120 755 1319 809 colligere
1348 755 1460 796 filios

46 841 182 876 tuos.“
240 833 450 889 „Quoties
489 832 651 874 volui.“
711 837 812 875 Non
853 831 984 876 dicit:
1021 849 1135 884 „non
1173 831 1260 873 vidi
1298 843 1340 872 te
1378 831 1460 871 nisi

47 911 127 953 isto
159 912 388 952 adventu:“
425 907 507 951 sed
534 908 667 951 dz'cz't:
706 910 915 964 „Quoties
946 909 1105 951 volui.“
1165 908 1226 952 Et
1251 920 1339 965 per
1366 909 1457 950 sin-

43 988 179 1044 gulos
200 985 536 1043 prophetarum
567 994 831 1030 convertens
858 1000 926 1029 se:
965 987 1089 1043 Ego,
1119 988 1288 1041 inquit,
1327 996 1459 1026 eram

51 1063 278 1118 Christus,
320 1065 398 1119 qui
432 1063 650 1119 loquebar
682 1076 769 1120 per
799 1063 1065 1120 prophetas,
1132 1063 1273 1107 Dixi:
1315 1073 1457 1117 neque

48 1149 98 1184 tu
128 1144 303 1193 timeas,
333 1147 378 1181 et
408 1153 530 1182 nunc
559 1141 765 1182 mittitur
781 1140 910 1184 Jesus
931 1140 1152 1184 Christus.
1199 1140 1301 1183 Non
1332 1152 1455 1181 men-

47 1221 184 1261 titur:
212 1217 527 1273 „Vobiscum²)
559 1233 674 1268 sum,
705 1219 772 1261 ait
802 1219 1049 1269 Dominus,
1091 1234 1236 1259 omnes
1275 1217 1363 1257 dies
1390 1232 1456 1257 us-

47 1312 126 1353 que
147 1296 199 1336 ad
222 1293 625 1336 consummationem
647 1295 846 1337 saeculi.“
888 1295 989 1338 Non
1008 1298 1252 1338 mentitur:
1283 1293 1454 1350 „Ubi³)

45 1374 129 1415 duo
161 1373 229 1413 vel
256 1384 340 1413 tres
372 1371 543 1412 collecti
570 1382 665 1412 sunt
693 1372 737 1413 in
765 1371 939 1414 nomine
967 1390 1081 1424 meo,
1114 1385 1155 1414 et
1186 1389 1262 1425 ego
1291 1388 1385 1413 sum
1412 1370 1457 1411 in

43 1450 185 1492 medio
202 1455 391 1491 eorum.“
438 1449 515 1490 His
546 1449 720 1490 adsonat
751 1450 876 1492 Tom.
892 1451 986 1491 XII.
1017 1450 1060 1490 in
1077 1451 1228 1493 Matth.
1257 1466 1370 1491 num.
1386 1446 1454 1491 43.

45 1527 248 1587 Πρόσχες
278 1528 342 1578 δὲ,
375 1529 413 1570 εἷ
444 1524 638 1569 δύνασαι
669 1527 745 1567 καὶ
775 1529 913 1569 ταῦτα
942 1530 1087 1571 εἰπεῖν
1107 1529 1320 1583 περὶτῶν
1341 1525 1453 1569 κατὰ

46 1604 126 1649 τὸν
151 1605 308 1659 τόπον,
340 1602 402 1647 ὅτι
425 1600 668 1658 νοήσαντες
699 1606 741 1646 οἱ
759 1608 962 1660 μαθηταὶ
993 1604 1072 1648 τὸν
1102 1605 1203 1647 υἱὸν
1232 1605 1310 1647 τοῦ
1341 1604 1451 1647 θεοῦ

45 1685 414 1741 κεχρηματικέναι
449 1685 625 1730 Μωσεῖ,
657 1684 731 1723 καὶ
771 1680 910 1725 αὐτὸν
947 1678 1063 1726 εἶναι
1103 1680 1182 1726 τὸν
1220 1678 1451 1737 εἰρηκότα·

47 1760 134 1816 ,,οὐ
150 1759 191 1816 ⁴)
233 1758 322 1818 γὰρ
360 1755 520 1815 ὄψεται
560 1753 803 1816 ἄνθρωπος
844 1758 893 1802 τὸ
932 1758 1185 1817 πρόσωπόν
1222 1775 1338 1816 μου,
1378 1761 1456 1803 καὶ

46 1835 288 1891 ζήσεται·“
321 1847 362 1877 et
398 1836 540 1877 Tract.
569 1835 636 1878 26.
666 1835 708 1877 in
739 1837 889 1878 Matth.
919 1853 1032 1878 num.
1063 1837 1128 1881 28.
1162 1853 1374 1894 exponens
1401 1836 1454 1877 il-

46 1914 141 1955 lud:
191 1912 411 1968 „Quoties
430 1914 472 1969 ⁵)
513 1913 632 1953 volui
662 1929 911 1966 congregare
940 1913 1053 1954 filios
1083 1925 1191 1963 tuos,
1235 1914 1342 1955 sicut
1370 1914 1454 1968 gal·

47 1990 132 2032 lina
160 1991 304 2047 pullos
334 2006 430 2032 suos
469 1991 545 2031 sub
563 1990 603 2046 ⁵)
643 1990 748 2039 alas,
787 2002 828 2031 et
865 1990 1098 2035 noluistil“
1152 1989 1452 2046 Quomodo,⁷)

49 2067 196 2124 inquit,
227 2065 301 2109 hic
330 2067 555 2109 Dominus
582 2065 725 2117 Jesus‚
756 2069 888 2122 quasi
913 2069 991 2123 qui
1005 2066 1284 2124 frequenter
1311 2068 1453 2111 voluit

50 2157 243 2201 congreg
254 2157 336 2186 are
365 2143 582 2199 Iudaeos,
622 2156 712 2185 non
751 2150 905 2186 autem
934 2148 1240 2202 congregavit
1263 2152 1456 2204 propter

51 2223 385 2264 contumaciam
423 2221 676 2264 nolentium
713 2220 918 2273 credere,
964 2225 1036 2265 ita
1072 2220 1205 2266 dicit:
1243 2224 1453 2280 „Quoties

52 2298 224 2341 volui:“
254 2311 355 2341 cum
396 2299 458 2340 sit
496 2299 818 2354 mam-festum,
857 2299 998 2343 semel
1030 2313 1131 2344 eum
1167 2299 1366 2343 docuisse
1403 2303 1452 2345 in

169 2487 208 2543 1)
241 2486 327 2529 cfr.
357 2487 506 2530 Matth.
536 2475 782 2541 xxi11,37.
901 2493 944 2549 2)
976 2490 1124 2534 matth.
1155 2491 1358 2543 xxvm,
1386 2490 1453 2536 20.

166 2556 209 2611 3)
242 2556 327 2599 cfr.
358 2558 508 2599 Matth.
538 2559 699 2610 xvm,
728 2559 796 2603 20.

169 2626 210 2680 ⁴)
243 2625 329 2667 cfr.
357 2627 492 2670 Exod.
521 2630 725 2681 mm,
754 2629 821 2673 20.

173 2693 215 2747 5)
247 2694 334 2737 cfr.
362 2697 511 2740 matth.
541 2699 702 2752 xxm,
732 2699 797 2744 37.

173 2763 216 2818 ⁶)
246 2763 324 2806 Ed.
354 2766 505 2809 Ruaei:
536 2771 640 2820 „sub
670 2779 868 2828 pennas.“

180 2831 221 2887 7)
253 2832 338 2876 Cfr.
370 2837 434 2879 ed.
463 2851 590 2883 nostr.
621 2841 745 2883 Tom.
778 2844 844 2884 lv.
876 2861 916 2899 p.
937 2845 1029 2889 241.
1063 2858 1105 2888 et
1131 2848 1227 2892 242.
