1759 3125
436 91 827 132 ORIGEMANORUM
856 90 998 131 Luam}
1016 91 1071 130 II.
1380 91 1464 136 273

48 220 228 245 caussam
271 202 479 244 dederunt
515 201 764 243 Lutheranis
804 211 844 241 et
885 198 1148 251 Calvinistis‚
1193 217 1267 241 cur
1294 203 1460 245 beatam

44 280 221 322 Mariam
250 278 515 334 reliquorum
545 295 666 320 more
695 277 920 320 hominum
947 293 1144 334 peccasse
1172 277 1411 322 sciscerent.

395 662 757 717 QUAESTIO
810 661 1091 716 QUINTA.

524 776 618 815 DE
658 774 972 817 ANGELIS.

38 890 70 931 I.
102 889 178 930 Vix
219 890 324 930 certi
361 889 586 945 quicquam
626 887 821 939 Origenis
860 899 995 929 aetate
1035 889 1088 929 de
1126 888 1281 942 angelis
1317 890 1455 933 fuerat

36 965 270 1010 definitum.
328 965 380 1006 H.
415 963 658 1018 Quaeritur,
691 980 774 1019 quo
806 975 1002 1019 tempore
1032 966 1224 1018 angelos,
1257 978 1298 1007 et
1325 967 1455 1008 ratio-

34 1044 95 1084 nis
127 1054 345 1098 compotes
375 1054 541 1082 naturas
570 1040 752 1096 reliquas
782 1057 805 1082 a
835 1042 932 1081 Deo
966 1043 1180 1093 conditas,
1213 1054 1255 1083 et
1282 1043 1326 1084 in
1355 1061 1454 1100 pec-

35 1132 171 1161 catum
203 1120 390 1175 delapsas
421 1130 532 1159 ratus
571 1118 636 1160 sit.
695 1118 769 1159 III.
800 1117 958 1159 Utrum
996 1119 1166 1172 angelos
1204 1133 1454 1176 corporatos

35 1212 119 1237 esse
153 1196 374 1240 censuerit.
433 1196 505 1237 IV.
536 1194 629 1236 Sibi
667 1194 836 1236 videtur
873 1195 1101 1251 aliquando
1130 1213 1219 1238 non
1250 1210 1454 1242 constare.

33 1274 84 1314 V.
123 1274 210 1314 Sed
251 1273 529 1314 conciliantur
567 1273 856 1313 discordantes
896 1272 995 1315 loci.
1061 1274 1133 1315 VI.
1173 1274 1330 1316 Utrum
1366 1277 1456 1318 ani-

32 1366 146 1390 mam
174 1351 259 1391 illis
290 1350 448 1401 inesse,
486 1367 537 1390 an
566 1350 682 1405 ipsos
714 1366 801 1390 esse
832 1349 987 1391 animas
1017 1351 1180 1393 dixerit.
1239 1354 1335 1394 VII.
1366 1356 1454 1395 An-

32 1429 226 1480 gelorum
267 1428 378 1468 inter
418 1439 458 1468 et
498 1429 753 1468 daemonum
790 1443 970 1482 corpora
1010 1427 1235 1469 discrimen
1277 1430 1455 1487 aliquod

33 1504 247 1545 tenuitatis
297 1503 528 1544 constituit.
603 1505 720 1545 VIII.
773 1504 1094 1546 Consentientes
1142 1506 1270 1547 habet
1306 1507 1452 1549 Patres

31 1583 140 1622 bene
171 1583 341 1623 multos.
400 1583 474 1623 IX.
509 1581 788 1635 Origenianae
828 1581 1058 1622 sententiae
1086 1582 1205 1623 radix
1233 1582 1454 1638 investiga-

33 1670 112 1700 tur.
171 1660 224 1700 X.
255 1658 412 1699 Utrum
444 1675 581 1714 aquas,
614 1675 719 1716 quae
749 1675 874 1714 supra
904 1670 945 1699 et
974 1657 1084 1699 infra
1111 1659 1452 1703 Firmamentum

32 1747 150 1785 sunt,
197 1736 367 1787 angelos
401 1753 486 1776 esse
517 1736 738 1776 arbitratus
769 1735 835 1779 sit.
892 1736 968 1776 XI.
998 1735 1168 1791 Ecquid
1199 1738 1252 1778 de
1282 1740 1453 1791 angelo-

30 1828 124 1854 rum
156 1811 372 1860 libertate,
418 1813 601 1863 meritis,
641 1812 793 1865 gratia,
830 1812 1194 1864 remuneratione,
1225 1830 1272 1855 ac
1301 1816 1452 1871 poenis

31 1890 234 1931 statuerit.
309 1890 405 1930 XII.
444 1889 619 1931 Patrum
665 1890 901 1930 multorum
942 1890 1139 1931 adversus
1179 1890 1286 1933 hanc
1320 1893 1452 1949 ipsius

32 1967 267 2008 doctrinam
298 1966 493 2007 convitia.
552 1967 672 2008 XIH.
704 1966 854 2007 Utram
884 1965 1072 2021 priorem
1106 1967 1346 2019 crediderit,
1376 1970 1453 2011 ho-

32 2044 192 2085 minum
214 2061 265 2086 an
287 2045 541 2084 daemonum
560 2055 765 2092 naturam,
798 2042 1054 2098 exploratur.
1112 2044 1228 2087 XIV.
1257 2046 1321 2087 Ex
1351 2046 1452 2104 ipsis

34 2116 223 2174 Origenis
255 2121 392 2162 verbis
423 2120 630 2161 sententia
668 2120 783 2160 illius
823 2136 950 2175 super
980 2121 1226 2173 angelorum
1256 2122 1452 2166 libertate

0 2222 1 2226 =
33 2206 78 2240 ac
106 2199 265 2240 meritis
296 2198 498 2254 aperitur.
556 2199 649 2239 XV.
680 2198 731 2238 In
771 2214 852 2253 qua
891 2209 1033 2239 tamen
1061 2198 1230 2241 videtur
1257 2218 1453 2244 nonnun-

36 2292 157 2331 quam
187 2275 380 2316 titubarc.
440 2275 553 2317 XVI.
587 2275 764 2316 Caussae
804 2275 903 2315 huic
932 2275 1078 2317 Patres
1108 2277 1273 2333 aliquot
1301 2280 1453 2321 suffra·

0 2342 17 2417 ¹!-
36 2364 192 2405 gantur.
242 2352 374 2394 XVII.
395 2351 567 2405 Origeni
589 2353 731 2393 favent
753 2352 833 2393 alia
855 2353 1073 2408 quaedam.
1113 2354 1273 2395 XVIII.
1295 2355 1452 2398 Utrum

0 2421 4 2464 ἶ
36 2430 201 2482 angelos
219 2430 270 2469 ab
288 2429 531 2470 hominibus
555 2429 713 2470 erudiri
729 2446 976 2485 persuasum
996 2429 1202 2472 habuerit.
1234 2431 1353 2473 XIX.
1369 2432 1452 2473 Ex-

0 2547 1 2564 *
34 2505 230 2562 penditur
260 2506 346 2564 ejus
378 2506 582 2547 sententia
614 2508 666 2547 de
699 2508 855 2559 angelis
885 2506 1131 2564 judicandis
1190 2508 1288 2550 XX.
1322 2509 1451 2569 Cujus

0 2568 301 2650 {fundamenta
342 2584 600 2638 aperiuntur.
658 2585 776 2625 XXI.
808 2584 915 2625 Eam
957 2585 1110 2625 frustra
1149 2599 1342 2627 excusare
1382 2604 1453 2628 co-

0 2651 155 2715 {natur
185 2661 226 2700 S.
259 2661 457 2702 Thomas.
516 2661 656 2701 XXII.
691 2660 790 2715 Quo
828 2673 1026 2718 tempore
1067 2673 1252 2703 extrema
1290 2664 1453 2720 suppli-

0 2719 9 2795 Ξ
36 2736 98 2777 cia
135 2737 408 2777 daemonibus
438 2738 506 2778 vel
536 2737 715 2788 inflicta,
753 2739 822 2779 vel
860 2739 1086 2793 infligenda
1128 2739 1333 2793 Origenes
1365 2757 1453 2783 cre-

0 2797 11 2876 l
35 2812 198 2854 diderit.
276 2813 444 2854 XXIII.
498 2814 672 2866 origeni
722 2816 1003 2859 assentiuntur
1049 2817 1196 2858 Patres
1241 2818 1451 2873 plerique.

5 2878 13 2947 ζ
35 2883 252 2932 ΟΒιῦΕΝιδ
278 2889 450 2931 OPERA.
481 2889 518 2930 Τ
523 2901 602 2931 OM.
619 2890 761 2933 XXII.
1119 2892 1172 2937 18

9 3058 15 3095 ’ἰ

10 3100 15 3108 ,,
