1759 3125
266 83 351 128 248
684 83 824 126 Pam
864 83 1081 125 Daunius
1112 83 1276 126 Hom-11

268 213 364 239 nem
395 197 437 238 in
477 198 618 238 fronte
661 196 984 238 describendum
1025 208 1150 247 esset,
1189 198 1298 238 male
1340 198 1612 254 sequentibus
1651 199 1695 242 in

266 291 393 317 unam
422 274 575 316 seriem
606 275 821 315 adtextum
855 285 927 315 est.

1748 159 1759 178 1

382 352 545 393 XXIV.
617 351 743 394 Certe
784 352 835 393 de
882 362 1019 392 morte
1068 367 1090 392 a
1131 351 1297 393 Christo
1343 352 1535 410 oppetita
1575 352 1699 396 aliter
1754 383 1757 386 -

270 430 444 473 sensisse
477 429 706 483 Origenem
748 445 795 470 ac
837 429 962 480 vulgo
1004 428 1046 470 in
1079 444 1175 470 eum
1207 428 1404 487 jactatur,
1447 446 1494 472 ex
1524 447 1698 490 perspe-

273 507 348 550 ctis
380 518 538 548 attenta
568 507 909 549 consideratione
943 504 1030 563 ejus
1062 506 1200 546 verbis
1233 505 1519 564 conjecturam
1551 509 1699 566 capi03

263 601 403 642 neque
436 590 548 626 enim
579 584 824 642 persuaderi
854 599 1052 639 possum,
1093 595 1255 624 tantum
1296 583 1339 625 in
1379 599 1430 625 eo
1469 585 1596 627 fuisse
1629 603 1700 628 ve-

265 663 451 714 cordiae,
489 674 538 704 ut
585 663 734 704 iterata
775 660 988 703 Christum
1029 660 1095 700 vel
1127 677 1321 716 passum,
1370 661 1439 702 vel
1477 678 1699 718 passurum

264 758 351 783 esse
386 741 578 783 crederet
611 738 837 795 supplicia,
869 749 941 779 aut
972 737 1014 778 in
1046 739 1185 788 coelo,
1219 738 1348 780 autin
1379 744 1494 781 aere:
1529 741 1597 782 vel
1628 757 1700 783 an-

262 819 357 874 geli,
388 819 456 859 vel
489 817 708 860 daemonis
742 816 936 858 indutum
968 817 1118 857 forma.
1170 814 1418 858 calumniae
1451 817 1548 859 huic
1577 836 1700 877 prae-

260 896 401 937 buisse
435 895 603 937 videtur
633 911 773 937 ansam
805 911 911 937 unus
942 894 1017 935 ille
1050 894 1183 944 locus,
1216 909 1342 951 quem
1372 894 1599 950 proferunt
1623 897 1701 938 Ju-

261 973 488 1023 stinianus,
529 985 571 1014 et
610 973 909 1031 Hieronymus.
968 973 1078 1013 Nam
1117 971 1247 1013 alium
1287 971 1455 1014 nullum
1496 973 1699 1029 expressis

263 1052 487 1092 haereseos
529 1050 651 1109 hujus
690 1050 803 1091 notis
850 1049 1055 1103 insignem
1094 1049 1207 1106 apud
1248 1065 1344 1090 eum
1383 1050 1576 1108 reperio,
1619 1067 1700 1093 nee

262 1129 374 1170 ullos
406 1128 449 1170 in
480 1128 530 1169 iis
564 1127 769 1169 exstitisse
802 1127 1168 1169 lucubrationibus
1200 1126 1431 1168 verisimile
1465 1139 1549 1178 est,
1590 1145 1698 1185 quae

261 1205 589 1258 interciderunt3
619 1222 696 1247 nec
729 1222 801 1247 eos
834 1206 993 1263 quippe
1015 1205 1194 1247 intactos
1215 1204 1442 1247 adversarii
1468 1204 1556 1263 ejus
1577 1223 1700 1263 prae·
1740 1258 1753 1269 ·

260 1283 550 1326 termisissent,
616 1286 671 1324 At
710 1284 856 1324 locum
886 1283 997 1324 hunc
1027 1282 1257 1324 ,Iustiniani
1289 1294 1540 1339 corruptum
1571 1284 1699 1327 fuisse

263 1359 659 1402 demonstravimus.
722 1359 854 1413 Quod
897 1360 931 1401 si
962 1360 1216 1418 Hieronymi
1254 1360 1598 1416 interpretationi
1629 1363 1701 1403 ad-
1757 1377 1759 1410 f

261 1440 535 1487 haereamus,
566 1454 653 1479 non
685 1449 771 1478 tam
801 1448 947 1493 aperta
979 1437 1059 1478 erit
1089 1437 1317 1488 sententia,
1347 1449 1396 1479 ut
1425 1437 1524 1480 inde
1557 1455 1704 1481 conse·

265 1516 338 1573 qui
371 1517 534 1565 demus,
567 1515 611 1556 id
648 1514 832 1556 voluisse
864 1514 943 1556 sibi
971 1515 1215 1569 origenem,
1249 1515 1464 1558 Christum
1493 1533 1573 1573 pro
1607 1518 1704 1559 dae-

261 1594 462 1635 monibus
502 1593 657 1635 iterum
701 1604 885 1634 mortem
924 1593 1230 1650 appetiturum.
1307 1592 1537 1636 Maximam
1580 1610 1704 1651 prae-
1754 1604 1758 1612 ⁴

259 1683 375 1713 terea
427 1682 469 1712 et
511 1670 786 1728 praecipuam
828 1671 1036 1724 dogmatis
1077 1671 1199 1730 hujus
1242 1684 1430 1730 partem,
1473 1687 1578 1728 quae
1620 1688 1700 1728 pro

263 1750 399 1792 salute
443 1750 699 1791 daemonum
742 1749 995 1791 daemonem
1047 1751 1238 1792 futurum
1286 1749 1502 1793 Christum
1542 1748 1700 1803 statuit,

260 1827 435 1869 minime
467 1826 511 1868 in
545 1825 742 1879 Origenis
776 1838 934 1870 exstare
979 1827 1098 1870 libris
1130 1829 1286 1870 fatetur
1315 1826 1601 1884 Hieronymus
1633 1841 1700 1881 ep.

260 1904 327 1948 61.
361 1905 413 1946 ad
449 1903 559 1946 Avit.
597 1920 688 1961 cap.
720 1903 772 1954 4.,
802 1905 876 1947 sed
911 1921 958 1946 ex
995 1903 1082 1959 ejus
1112 1916 1279 1947 tantum
1308 1902 1595 1961 pronuntiatis
1625 1919 1700 1944 ne-
1756 1919 1759 1945 τ

262 1980 440 2023 cessario
486 1981 700 2037 profluere
741 1982 965 2024 arbitratus
998 1993 1080 2034 est3
1121 1981 1271 2023 itidem
1310 1993 1358 2022 ut
1387 1980 1698 2023 Alexandrinus
1758 2019 1759 2022 ,

260 2058 335 2100 ille
368 2057 658 2113 Theophilus,
691 2061 1055 2115 quemadmodum
1088 2058 1186 2109 dixi,
1220 2075 1317 2100 cum
1349 2075 1498 2101 eorum
1530 2076 1698 2102 accusa-

262 2135 401 2177 tiones
432 2150 710 2178 recenserem.
772 2137 1013 2179 Genuinam
1046 2152 1144 2189 ergo
1177 2137 1230 2177 de
1260 2148 1399 2178 morte
1432 2136 1589 2180 Christi
1621 2138 1697 2178 do-

264 2211 440 2254 ctrinam
474 2211 668 2265 origenis
699 2214 805 2255 hanc
836 2214 964 2256 fuisse
997 2229 1170 2256 censeo:
1203 2214 1334 2256 semel
1367 2213 1542 2256 omnino
1577 2214 1697 2257 Chri·
1750 2268 1752 2271 y

261 2301 371 2332 stum
413 2288 589 2342 obiisse,
636 2290 680 2332 in
722 2291 844 2334 terris
884 2291 1107 2342 nimirum,
1154 2309 1250 2335 cum
1291 2309 1312 2334 a
1351 2290 1510 2335 Pontio
1551 2291 1693 2334 Pilato
1749 2312 1759 2326 <2

261 2368 393 2409 morti
428 2366 618 2410 addictus
650 2379 734 2410 est:
780 2381 1007 2427 postquam
1039 2382 1180 2412 autem
1213 2381 1388 2413 cruento
1419 2370 1510 2413 illie
1539 2381 1694 2412 macta·
1757 2388 1759 2398 ³

262 2457 329 2486 tus
359 2444 566 2487 sacrificio
608 2445 829 2489 hominum
869 2460 1042 2505 peccata
1085 2448 1212 2500 eluit,
1257 2447 1469 2506 spirituali
1507 2449 1694 2506 quodam

263 2522 468 2564 sacrificio
523 2524 793 2575 coelestium,
840 2525 1101 2583 aliarumque
1149 2543 1316 2578 rerum,
1364 2542 1469 2582 quae
1517 2525 1694 2568 rationis

265 2613 487 2657 compotes
519 2614 667 2653 essent,
698 2619 826 2644 noxas
855 2604 1105 2647 abstersisse.
1167 2604 1270 2647 Nise*
1305 2607 1413 2661 qnia
1433 2602 1600 2658 forte,
1629 2603 1695 2645 in·

265 2681 356 2735 quit
397 2679 557 2721 Homil.
592 2681 621 2721 Ι.
663 2680 707 2722 in
747 2681 882 2723 Lex-it.
924 2699 1038 2724 num.
1080 2682 1118 2726 3.
1174 2681 1256 2725 hoc
1295 2682 1502 2737 intelllgi
1536 2681 1692 2734 voluit,

1753 2467 1759 2485 t

1754 2525 1759 2566 i

1745 2615 1759 2646 3!

1750 2687 1759 2719 Ί

268 2757 470 2813 (Moses),
503 2757 622 2813 quod
647 2762 839 2816 sanguis
877 2760 976 2802 Iesu
1008 2763 1055 2802 in
1088 2760 1380 2803 Hierusalem
1410 2759 1580 2813 effusus
1609 2767 1691 2809 est,
1748 2767 1756 2798 ἰ

271 2836 353 2877 ubi
379 2843 483 2879 erat
516 2837 685 2893 altare,
716 2843 762 2881 et
792 2839 913 2881 basis
943 2839 1058 2894 eju53
1100 2844 1145 2882 et
1176 2837 1532 2882 tabernaculum
1562 2838 1689 2880 teste·-
