1759 3125
236 78 321 126 268
651 80 792 122 Perat
830 80 1047 122 DAmt-:ms
1078 80 1243 124 HUE‘m

239 206 279 234 et
308 194 350 234 in
381 209 512 233 unum
544 193 760 235 coaluisse.
819 195 908 235 Nec
947 195 1127 235 multum
1169 195 1266 235 hinc
1299 194 1461 235 abludit
1491 194 1659 235 Duran-

237 272 313 312 dus
343 288 365 312 a
395 282 538 312 sancto
572 270 809 321 porciano,
862 270 1115 311 inviolatum
1157 270 1330 326 quidem
1369 287 1657 326 perseverasse

236 347 485 401 virginitatis
515 347 702 399 sigillum
724 347 939 396 definiens,
972 348 1044 387 sed
1067 348 1345 403 amplificatos
1368 360 1527 389 meatus
1546 347 1656 388 viam

233 425 496 482 patefecisse.

351 502 631 555 Origenianae
649 501 883 544 sententiae
911 500 1119 541 contraria
1149 501 1431 542 decernuntur
1460 501 1502 541 in
1521 501 1660 557 prima

233 579 518 621 Homiliarum
549 580 590 620 in
624 580 824 627 diversos,
855 594 961 634 quae
998 590 1217 618 auctorem
1260 594 1345 618 non
1375 578 1529 618 habere
1559 578 1658 620 Ori-

234 674 382 710 genem
414 657 480 697 vel
512 656 608 697 hinc
638 666 782 712 potest
813 654 1054 696 existimari.
1114 655 1186 697 Sic
1214 655 1310 696 illa:
1358 652 1659 706 Quemadmo-

232 733 340 776 dum
371 734 624 788 Dam’ela'1)
657 735 789 774 intra
824 731 975 772 lacum
1008 732 1189 775 leonum
1219 732 1406 784 incluso,
1438 732 1658 773 claustris

232 825 322 853 non
354 813 530 868 apertis
562 809 760 851 allatum
793 814 861 850 est
883 807 1142 865 prandium
1175 808 1234 852 ab
1263 807 1471 852 Abacuc:
1508 810 1579 850 ita
1610 814 1658 850 et

233 887 347 930 haec
376 891 508 943 virgo
537 894 704 928 sancta
731 888 899 942 gennit
925 886 1091 937 Deum,
1120 884 1203 928 sed
1229 889 1413 929 intacta
1435 899 1656 943 perman-

230 969 316 1016 εἰη
345 973 500 1007 mater
529 964 699 1018 effecta
733 970 821 1014 est,
865 961 948 1005 sed
981 966 1307 1020 virginitatem
1342 976 1433 1005 non
1474 964 1656 1012 amisit,-

229 1045 397 1100 genuz't
426 1042 678 1097 infantem,
708 1047 778 1096 et,
809 1048 863 1083 ut
894 1039 1068 1082 de'ctnm
1098 1048 1180 1086 est,
1211 1045 1345 1097 virgo
1371 1041 1655 1097 permansit,-

231 1129 386 1162 mater
415 1120 528 1163 Fila·
542 1118 691 1174 facta
721 1125 812 1170 est,
845 1125 891 1160 et
921 1120 1157 1160 castitatis
1184 1119 1390 1174 sagellum
1420 1131 1512 1159 non
1536 1129 1654 1174 per-

229 1196 361 1240 didit.
422 1199 563 1253 Atque
593 1194 700 1237 illud
734 1207 794 1236 est
825 1194 1012 1251 optimae
1041 1194 1229 1244 Patrum,
1260 1207 1352 1236 tum
1377 1196 1656 1247 Graecorum,

230 1289 319 1317 tum
350 1276 597 1316 Latinorum
630 1272 780 1328 partiS,
812 1283 854 1312 et
882 1271 1086 1326 Ephesini
1115 1284 1335 1327 praeterea
1366 1273 1550 1315 Concilii
1580 1274 1654 1314 de-

229 1365 412 1403 cretum,
449 1362 661 1408 perpetuo
703 1348 907 1389 ecclesiae
941 1349 1187 1390 Catholicae
1218 1365 1424 1390 consensu
1455 1366 1654 1405 compro-

226 1433 385 1480 batum,
419 1441 459 1469 et
492 1429 572 1468 hoc
588 1425 826 1467 Ezechielis
847 1426 1082 1482 prophetae
1108 1428 1280 1468 oraculo
1314 1428 1651 1469 corroboratum.

228 1509 309 1559 „Et
325 1507 366 1563 ²)
399 1506 505 1547 dixit
533 1503 746 1546 Dominus
777 1504 829 1543 ad
861 1519 951 1545 me:
982 1504 1111 1545 Porta
1142 1504 1245 1545 haec
1276 1504 1413 1558 clausa
1436 1504 1534 1545 erit:
1564 1522 1652 1545 non

229 1585 465 1642 aperietur,
498 1594 540 1623 et
571 1582 635 1622 vir
664 1597 750 1622 non
781 1581 975 1622 transibit
1003 1598 1080 1637 per
1110 1594 1225 1622 eam:
1262 1581 1460 1637 quoniam
1500 1582 1654 1623 Domi-

225 1681 304 1704 nus
333 1663 452 1713 Deus
484 1661 608 1700 lsrael
639 1659 846 1712 ingressus
873 1670 934 1699 est
958 1675 1035 1715 per
1053 1675 1157 1709 eam,
1189 1659 1351 1714 eritque
1371 1659 1507 1700 clausa
1537 1660 1653 1715 prin-

227 1741 354 1797 cipi.“
415 1738 515 1793 Quo
547 1737 755 1778 illibatam
787 1748 828 1777 et
857 1736 901 1776 in
933 1749 1157 1792 conceptu,
1191 1748 1232 1777 et
1261 1736 1304 1777 in
1335 1749 1459 1792 partu
1488 1738 1651 1780 Mariae

225 1818 507 1871 virginitatem
538 1816 749 1868 suturam«,
793 1814 1032 1870 Christique
1073 1830 1227 1870 corpus
1267 1815 1416 1855 clausis
1445 1815 1556 1856 uteri
1586 1832 1652 1856 re-

224 1896 386 1952 pagulis
419 1895 572 1934 eodem
602 1894 734 1932 modo
766 1892 879 1933 foras
901 1893 1188 1948 proditurum,
1219 1908 1303 1947 quo
1335 1894 1387 1933 ad
1419 1893 1651 1949 discipulos

226 1971 430 2014 obseratis
458 1971 623 2011 foribus
651 1969 913 2026 penetravit,
944 1969 1231 2025 praenuntiari
1260 1969 1471 2010 affirmant
1503 1971 1650 2013 Patres

222 2050 431 2107 plerique.

335 2127 495 2166 Verum
529 2123 724 2176 Origenis
754 2123 1073 2179 reprehensioni
1103 2122 1328 2163 intercedit
1350 2123 1650 2166 Genebrardus

225 2205 406 2248 Collect.
439 2218 526 2257 cap.
558 2201 621 2250 6.,
661 2212 703 2241 et
731 2200 948 2240 Ambrosii
986 2215 1034 2239 ac
1071 2199 1322 2256 Hieronymi
1351 2200 1647 2242 auctoritatem

225 2295 266 2323 ct
297 2279 537 2334 exemplum
568 2277 796 2333 praetexit,
835 2293 1018 2332 quorum
1055 2288 1233 2331 uterque
1265 2277 1492 2318 claustrum
1523 2278 1648 2331 virgi-

222 2358 361 2401 nitatis
393 2373 415 2397 a
447 2355 614 2397 Christo
653 2354 695 2395 in
738 2366 861 2410 partu
899 2365 1090 2409 apertum
1131 2353 1258 2394 fuisse
1301 2353 1418 2396 dicit.
1483 2354 1646 2412 Adiun-

222 2454 318 2491 gere.
349 2445 516 2491 poterat
548 2432 833 2481 Athanasium,
865 2431 1083 2480 Basilium,
1116 2442 1156 2471 et
1182 2431 1287 2471 alios
1308 2443 1536 2487 praeterea,
1570 2433 1643 2488 qui

225 2517 276 2556 de
308 2511 515 2564 virgineae
548 2510 696 2549 vulvae
728 2508 946 2565 apertione
978 2508 1173 2549 similiter
1203 2509 1424 2550 disserunt.
1478 2511 1565 2551 Sed
1597 2526 1644 2550 ea

225 2591 420 2633 omnibus
466 2588 515 2628 iis
557 2587 749 2642 exceptio
789 2585 1027 2627 adhibenda
1066 2598 1149 2638 est,
1191 2603 1271 2642 qua
1310 2588 1362 2628 ad
1391 2587 1644 2628 solvendum

346 2760 384 2813 ¹)
421 2758 505 2797 Chx
540 2757 645 2796 Dan.
680 2756 750 2804 VI,
791 2754 850 2798 16,
884 2771 994 2811 seqq.

351 2831 386 2876 ³)
421 2827 569 2869 Ezech.
603 2827 750 2875 XLIV,
783 2825 819 2866 ⁸2.
