1759 3125
461 112 850 151 OmGEMAxoaUM
882 110 1023 150 LIBER
1046 111 1076 150 1.
1430 110 1483 153 49

57 241 98 264 se
131 223 359 278 reciperet3
401 237 476 262 nec
522 221 565 262 id
613 221 760 261 secisse
809 232 970 270 tamen,
1015 220 1088 261 sed
1129 220 1222 260 thus
1263 220 1304 260 in
1337 237 1482 262 manus

59 301 145 357 «jus
175 299 427 355 impositum
457 300 507 339 ab
538 299 796 339 adstantibus
827 298 871 338 in
901 298 1040 349 ignem
1071 297 1201 337 suisse
1243 314 1480 339 excussum:

59 376 194 431 (addit
224 376 391 417 Nicetas
423 376 548 416 Thes.
583 375 752 416 orthod.
786 373 885 415 fidei
917 373 992 415 lib.
1026 373 1094 415 lV.
1127 375 1238 416 haer.
1270 374 1352 424 31.¹
1385 391 1484 415 con-

58 453 195 505 tigisse
227 453 284 502 id,
318 469 413 492 cum
444 454 663 493 immutata
706 451 911 493 sententia
952 462 1173 491 revocaret
1213 451 1483 506 promissum,

59 546 195 585 eoque
225 541 332 570 stare
362 530 658 585 detrectaret:)
692 529 787 569 hine
826 528 963 583 ipsum
1008 538 1122 568 tanta
1152 544 1365 583 aspersum
1398 544 1484 570 esse

59 607 241 657 infamia,
273 619 320 646 ut
351 607 528 647 eeclesia
560 606 866 661 depelleretur3
902 621 1081 660 cumque
1100 603 1295 653 ludibria,
1328 615 1368 643 et
1386 621 1486 644 ocu·

59 685 197 724 lorum
230 684 484 740 conjectum,
517 683 667 739 quibus
698 695 744 723 ut
774 682 1005 722 idololatra
1035 680 1341 730 destinabatur,
1374 682 1481 721 serre

56 778 143 802 non
172 773 338 817 posset,
377 760 559 801 invidiae
599 760 865 800 detestandae
904 758 1032 811 gratia
1080 757 1325 798 Caesaream
1369 774 1483 798 com-

58 839 266 890 migrasse.
328 837 504 878 Constat
543 847 655 876 certe
698 852 745 875 ex
786 835 937 875 eodem
968 833 1232 890 Epiphanio,
1273 834 1481 876 dubitasse

58 926 222 956 tantum
266 915 496 967 Origenem
537 912 882 954 idololatriamne
925 911 1188 960 admitteret,
1232 912 1283 952 ad
1322 911 1481 953 facinus

9 992 13 994 ’
57 1008 143 1032 non
176 992 349 1033 omnino
381 991 644 1048 pervenisse;
686 1006 790 1046 quae
835 1006 929 1029 cum
971 988 1179 1029 dubitatio
1225 988 1381 1029 crimen
1422 1001 1482 1030 ta-

59 1085 155 1110 men
192 1069 281 1125 ipsa
319 1068 395 1119 sit,
446 1069 732 1123 admissum¹)
778 1066 1017 1107 humanitus
1058 1077 1279 1121 peccatum
1319 1077 1483 1122 tempe·

178 1292 217 1347 ¹)
249 1291 326 1332 His
357 1303 467 1332 certe
498 1303 714 1347 repugnat,
747 1292 863 1347 quod
894 1289 951 1330 ait
983 1289 1072 1345 ipse
1106 1288 1308 1341 Origenes
1339 1289 1379 1329 in
1411 1306 1477 1345 ep.

61 1363 113 1402 ad
144 1362 300 1403 amicos
333 1363 537 1417 quosdam
581 1361 887 1403 Alexandrinos
941 1360 1070 1416 paulo
1115 1371 1338 1415 postquam
1384 1360 1480 1399 Ale-

61 1431 230 1472 xandria
261 1432 425 1473 exiisset
455 1433 622 1490 scripta,
655 1449 755 1489 qua,
789 1444 892 1472 teste
924 1431 1187 1488 Hieronymo
1222 1429 1292 1470 lib.
1324 1430 1376 1470 ll.
1409 1430 1478 1469 ad-

64 1519 168 1545 vers.
209 1504 432 1553 Rufinum,
480 1503 750 1544 Demetrium
790 1503 965 1549 lacerat,
1012 1511 1053 1540 et
1090 1500 1131 1539 in
1173 1498 1397 1554 episcopos
1439 1511 1478 1539 et

63 1574 237 1615 clericos
268 1574 348 1614 sibi
378 1575 573 1613 adversos
605 1572 826 1619 invehitur,
859 1582 900 1610 et
931 1571 1080 1610 frustra
1112 1570 1162 1609 ab
1194 1568 1380 1609 ecclesiis
1413 1585 1478 1609 ex-

61 1644 418 1684 communicatum
463 1659 547 1683 esse
589 1659 631 1683 se
671 1642 784 1681 dicit.
853 1642 1076 1696 Repugnat
1116 1650 1156 1678 et
1198 1639 1311 1693 quod
1352 1638 1408 1678 ait
1436 1639 1477 1678 in

60 1715 320 1769 praefatione
352 1713 480 1754 Tomi
510 1714 582 1753 VI.
613 1712 654 1752 in
684 1713 906 1760 Joannem,
939 1727 1064 1766 quem
1094 1725 1179 1749 non
1202 1710 1338 1748 multo
1365 1722 1481 1764 post·

62 1801 185 1839 quam
216 1783 466 1824 Alexandria
498 1783 741 1824 Caesaream
781 1780 994 1833 migravit,
1033 1781 1172 1820 denuo
1206 1795 1374 1819 exorsus
1406 1791 1480 1829 est,

61 1871 112 1894 eo
143 1857 259 1911 quod
288 1854 475 1910 priorem
506 1852 778 1908 scriptionem
810 1850 1061 1892 Alexandria
1091 1849 1308 1889 discedens
1337 1865 1479 1889 secum

61 1942 146 1966 non
177 1936 441 1981 asportasset.
506 1922 638 1976 Jam,
678 1922 833 1978 inquit,
873 1919 938 1963 ad
973 1922 1180 1976 quintum
1216 1930 1352 1972 usque
1397 1917 1479 1958 To-

67 2009 200 2045 mum,
232 1996 434 2051 quamvis
465 1991 709 2035 adversari
735 1990 862 2033 nobis
891 1988 1128 2032 videretur
1157 1986 1479 2031 Alexandriae

60 2065 273 2122 procella,
304 2077 419 2120 quae
450 2076 659 2106 concessa
676 2062 847 2116 fuere,
882 2061 1026 2102 locuti
1051 2072 1229 2110 snmus,
1270 2058 1378 2102 Jesu
1408 2061 1477 2101 z'n-

64 2143 278 2192 crepante
315 2142 470 2176 ventos
510 2142 556 2176 et
596 2132 746 2174 undas
783 2135 940 2174 maris.
1010 2130 1086 2173 Ex
1125 2129 1208 2171 lzoc
1238 2142 1345 2170 casu
1372 2142 1478 2185 pro-

59 2208 223 2262 gressi,
254 2218 315 2248 ex
341 2206 552 2261 Aegypto
583 2204 683 2246 Deo
716 2217 799 2246 nos
829 2199 1070 2252 liberante,
1103 2202 1180 2257 quc·
1206 2197 1372 2242 eduxit
1395 2212 1476 2255 po-

60 2277 216 2332 pulum
245 2288 377 2316 suum
407 2288 468 2317 ex
497 2287 575 2316 ea:
612 2271 774 2316 deinde
804 2273 987 2315 inimico
1020 2269 1284 2326 (Demetrio)
1317 2267 1479 2311 adeer-

60 2360 133 2388 sns
163 2359 241 2387 nos
273 2343 559 2387 acerbissime
585 2351 830 2400 pugn-ante
855 2356 941 2399 per
977 2354 1085 2383 suas
1125 2354 1266 2382 novas
1305 2339 1481 2389 literas,

63 2429 225 2462 revera
261 2416 498 2471 evangelio
539 2418 769 2465 inimicus,
810 2425 1046 2468 omnesque
1085 2413 1292 2466 Aegypti
1323 2417 1479 2452 ventos

64 2485 280 2529 adversus
308 2499 388 2527 nos
417 2489 699 2536 concitante,
740 2493 870 2526 stare
905 2496 975 2525 me
1015 2484 1166 2537 magis
1197 2477 1479 2522 adhortaba-

63 2564 144 2599 tur
173 2559 295 2598 ratio
326 2553 392 2597 ad
418 2563 678 2606 certamen,
719 2563 764 2597 et
803 2567 990 2597 servare
1024 2552 1477 2609 praestante'sse'mmn

65 2629 157 2668 mea·
186 2634 395 2682 partem,
436 2637 572 2680 quam
610 2628 868 2681 importune
907 2626 1186 2680 conjungere
1225 2626 1478 2661 restantem

64 2694 368 2750 Scrae'pturam‚
397 2702 643 2750 antequam
674 2696 872 2737 ratc'om's
901 2691 1131 2735 discursus
1162 2690 1477 2746 tranquillita-

67 2772 158 2806 tem
186 2766 420 2819 reciperet,
453 2777 508 2805 ne
525 2764 664 2818 forle
695 2766 999 2821 cogitationes
1024 2773 1205 2820 pravae
1235 2760 1477 2801 invalesce-

67 2841 173 2875 rent
203 2836 251 2874 2¹12
285 2836 487 2876 animam
517 2837 658 2876 etiam
689 2848 835 2877 meam
862 2833 1114 2890 procellam
1155 2828 1387 2874 inducere.
1411 2864 1419 2875 ,
1440 2860 1474 2868 ..

72 2909 294 2954 Omctms
326 2910 499 2952 OPERA.
530 2910 650 2953 Tom.
683 2911 823 2953 ΧΧΙΙ.
1176 2907 1200 2949 4
