1759 3125
477 74 864 116 OmGEmANORUM
895 77 1037 118 Lmssn
1070 79 1098 117 I.
1442 82 1490 127 41

85 197 274 242 repertae
307 200 484 240 compos
513 185 644 226 fieret.
706 186 792 227 Sed
823 203 1023 242 quorsum
1062 189 1114 228 ad
1146 189 1393 240 excogitatas
1426 193 1496 232 de-

84 263 328 304 scendemus
370 260 649 317 conjecturam,
697 278 790 302 cum
840 263 991 303 veritas
1031 264 1118 319 ipsa
1159 265 1298 319 palam
1337 268 1496 310 exstet}>

86 339 284 381 Scribunt
305 338 514 394 siquidem
534 337 816 396 Hieronymus
838 339 888 378 de
911 339 1103 394 scriptor.
1128 341 1272 382 eccles.
1301 359 1390 398 cap.
1413 343 1494 394 65„

87 426 127 455 et
160 416 336 456 Rufinus
367 415 408 455 in
442 414 616 471 exposit.
651 432 738 471 cap.
770 415 835 459 23.
870 415 942 456 lib.
977 417 1048 459 VI.
1081 416 1276 468 Eusebii,
1317 421 1496 462 Achaiae

86 491 280 532 ecclesias
311 492 504 546 plurimis
543 504 642 533 tune
680 492 916 533 haeresibus
955 492 1082 532 fuisse
1121 506 1307 548 vexatas3
1347 498 1496 553 quibus

86 569 366 625 expugnandis
395 570 597 610 idoneum
628 585 727 624 prae
760 569 908 617 ceteris
951 570 1084 610 visum
1117 571 1363 623 Origenem:
1407 592 1496 616 eam

84 645 149 686 illi
180 662 361 686 caussam
392 645 434 686 in
467 646 687 687 Graeciam
717 645 1014 701 proficiscendi
1049 646 1188 688 fuisse.
1255 650 1364 691 Illuc
1395 669 1495 693 vero

85 723 334 764 accersitum
364 724 414 763 ab
449 723 673 763 Ambrosio
705 739 788 763 non
819 724 996 763 absurde
1038 724 1245 779 quispiam
1270 728 1499 782 suspicabi-·

85 811 174 841 tur:
206 817 301 840 nam
332 800 584 840 Alexandria
622 802 769 840 crebro
810 800 989 840 abfuisse
1020 803 1292 844 Ambrosium
1324 818 1498 856 constat,

89 888 130 916 et
172 888 395 932 postquam
435 877 546 917 inter
585 893 657 917 eos
704 877 969 917 necessitudo
1017 877 1271 928 intercessit,
1328 882 1498 924 Athenis

85 953 226 1005 fuisse,
259 965 383 1009 atque
414 955 512 994 inde
544 954 682 994 literas
726 955 777 994 ad
819 953 1047 1005 Origenem
1086 956 1270 1007 dedisse,
1312 975 1358 999 ex
1397 960 1500 1001 Hie-

85 1047 263 1088 ronymo
297 1031 456 1070 discere
486 1030 586 1071 licet
616 1031 738 1085 epist.
763 1031 829 1073 18.
863 1032 913 1070 ad
943 1032 1203 1074 Marcellam.
1263 1035 1377 1076 Haec
1408 1038 1500 1093 qui-

86 1108 183 1148 dem
220 1108 520 1164 proponimus,
569 1125 655 1149 non
700 1107 930 1152 asserimus,
1012 1109 1121 1150 Hinc
1173 1111 1297 1152 etiam
1337 1114 1499 1156 habitae

86 1185 165 1225 sibi
196 1202 290 1226 cum
321 1185 606 1226 haeresiarcha
637 1185 821 1240 quodam
854 1186 1177 1227 concertationis
1208 1191 1421 1246 exemplar
1449 1194 1501 1233 ad

88 1262 244 1303 amicos
273 1262 316 1303 in
345 1262 622 1303 Palaestinam
654 1261 768 1302 misit
798 1262 1083 1314 Adamantius,
1117 1264 1188 1320 qui
1218 1267 1331 1307 falsis
1362 1269 1413 1308 de
1444 1286 1499 1319 se,

88 1341 224 1396 deque
277 1357 322 1381 ea
372 1339 655 1395 disputatione
704 1340 944 1380 rumoribus
994 1354 1248 1383 occurreret.
1328 1346 1500 1386 Athenis

87 1434 251 1459 moram
289 1417 436 1458 fecisse
468 1416 696 1469 Origenem
728 1428 890 1456 certum
921 1429 1000 1467 est,
1051 1435 1195 1459 morae
1235 1431 1401 1476 tempus
1438 1423 1500 1463 in-

89 1506 269 1537 certum:
308 1494 482 1534 rediisse
519 1504 659 1533 tamen
696 1493 887 1548 sequenti
928 1510 1059 1545 anno,
1092 1496 1159 1535 vel
1188 1495 1359 1538 hiennio
1390 1511 1501 1553 post,

89 1572 200 1613 inter
230 1571 524 1622 Chronologos
565 1580 753 1609 constare
791 1569 929 1629 video.
994 1571 1206 1627 Equidem
1246 1590 1333 1614 non
1363 1577 1499 1617 multo

91 1648 228 1689 minus
267 1647 437 1687 biennio
477 1646 637 1687 itineris
681 1646 851 1686 Achaici
894 1658 1061 1703 tempus
1110 1650 1236 1690 fuisse
1284 1652 1500 1707 existim03

91 1741 189 1766 nam
220 1736 261 1764 et
289 1739 366 1779 per
397 1723 676 1764 Palaestinam
706 1723 786 1763 iter
816 1723 972 1774 habuit,
1003 1725 1146 1781 ibique
1168 1738 1307 1768 motus
1335 1742 1396 1770 est
1427 1731 1503 1771 ali-

94 1801 318 1859 quamdiu,
372 1813 412 1841 et
457 1801 637 1856 spatium
684 1799 858 1856 aliquod
896 1800 1028 1841 itione
1066 1818 1112 1843 ac
1151 1804 1361 1847 reditione
1404 1825 1504 1849 con-

92 1892 279 1922 sumtum
310 1890 389 1928 est,
435 1890 476 1918 et
514 1878 557 1918 in
599 1877 750 1918 Achaia
795 1893 888 1917 cum
929 1879 1147 1920 haereticis
1176 1882 1415 1935 velitando,
1467 1900 1508 1928 et

96 1956 270 2000 Athenis
300 1954 616 2011 perlustrandis,
646 1953 887 2010 scholisque
924 1955 1281 2013 philosophorum
1311 1961 1508 2017 frequen-

94 2034 243 2085 tandis,
275 2032 412 2090 (quod
440 2033 491 2072 ab
523 2047 573 2072 eo
604 2032 763 2073 factum
792 2042 997 2073 testantur
1036 2034 1298 2091 Epiphanius
1336 2038 1505 2082 Haeres.

102 2247 153 2287 de
183 2246 315 2301 pond.
347 2256 388 2284 et
419 2258 546 2283 mens.
582 2258 669 2297 cap.
691 2241 775 2291 18„
805 2254 962 2283 sextam
993 2243 1097 2284 hanc
1130 2260 1215 2285 esse
1233 2251 1511 2306 pertendunt3

99 2302 384 2359 Hieronymus
414 2315 512 2340 vero
554 2298 763 2354 quintam,
803 2311 843 2339 et
882 2299 939 2340 ita
977 2317 1143 2341 narrare
1183 2302 1320 2357 ipsum
1364 2307 1511 2360 Orige-

100 2375 197 2399 nem
235 2357 379 2398 scribit
415 2355 590 2407 Prolog.
641 2355 683 2395 in
733 2355 890 2396 Cantic.
935 2356 1218 2400 Canticorum.
1287 2362 1372 2403 Sed
1410 2364 1513 2420 Epi-

100 2415 256 2471 phanio
286 2414 414 2466 magis
443 2412 727 2452 adhaeremus.
797 2412 904 2453 Cum
945 2414 1054 2453 enim
1085 2423 1173 2454 tum
1206 2431 1252 2455 ex
1284 2417 1389 2472 ipso,
1422 2433 1512 2462 tum

105 2488 152 2512 ex
181 2471 364 2511 Eusebio
398 2480 582 2518 constet,
622 2467 746 2508 aliam
788 2484 835 2508 ex
866 2469 926 2508 his
960 2470 1211 2511 editionibus
1243 2473 1513 2518 Hierichunte

104 2527 229 2568 fuisse
273 2538 484 2583 repertam
534 2525 798 2580 temporibus
848 2525 1105 2575 Caracallae,
1155 2528 1277 2568 aliam
1316 2532 1517 2588 Nicopoli

104 2583 335 2638 imperante
380 2582 642 2630 Alexandro,
693 2593 802 2621 certe
842 2581 1159 2623 Hierichuntina
1205 2585 1333 2626 editio
1374 2591 1514 2644 quinta

109 2654 194 2679 esse
226 2641 363 2688 debet,
392 2638 691 2694 Nicopolitana
720 2653 820 2677 vero
843 2649 976 2689 sexta3
1006 2639 1039 2679 si
1061 2640 1230 2695 quidem
1252 2642 1389 2684 habita
1411 2657 1515 2686 tem-

106 2710 279 2750 porum,
325 2695 474 2751 quibus
520 2695 712 2735 inventae
752 2705 870 2744 sunt,
912 2695 1095 2746 ratione,
1142 2697 1268 2738 aliam
1317 2702 1516 2755 quintam,

107 2750 231 2791 aliam
259 2763 414 2793 sextam
444 2752 496 2792 ab
527 2750 709 2804 Origene
738 2762 931 2793 vocatam
959 2751 1085 2794 fuisse
1114 2753 1257 2795 scribit
1284 2754 1396 2798 idem
1417 2757 1518 2813 Epi-

107 2805 297 2863 phanius.
326 2808 377 2849 R.
