1759 3125
288 95 375 142 178
707 91 848 135 Perat
886 91 1103 135 Dius-mus
1133 93 1297 136 Hue‘rn

289 207 466 259 fectus,·
493 207 544 249 in
567 203 900 263 posterioribus
928 196 1040 261 qviz'd
1065 203 1120 248 de
1149 218 1199 248 eo
1224 206 1437 258 sentiret,
1471 207 1713 262 expressit,

290 284 412 328 nihil
437 282 604 340 absque
633 283 726 325 solo
757 283 856 326 Deo
887 283 1034 325 Patre
1059 282 1284 336 infectum
1304 296 1397 325 esse
1416 283 1713 338 confirmans.

292 362 527 418 Scripserat
541 360 742 402 nimirum
759 360 986 413 Origenes:
1003 359 1217 416 γεννητὸς
1238 357 1262 414 ἢ
1286 360 1543 416 ἀγέννητος·
1567 377 1714 416 quem-

291 440 525 481 admodum
556 450 598 479 et
629 439 754 479 Tom.
788 440 841 481 ΙΙ.
873 438 914 478 iu
946 439 1095 478 Joann.
1122 453 1236 478 num.
1268 436 1308 480 6.
1359 434 1483 494 ”Elec
1514 439 1564 481 δὲ
1596 439 1715 481 ἐπα-

291 515 489 576 πόρησιν
518 515 595 560 διά
626 531 672 560 τε
702 514 776 559 τό·
810 513 1056 570 ,,πα’ντα’)
1089 513 1142 556 δι’
1179 513 1319 557 αὐτοῦ
1352 515 1595 572 ἕγένετο·“
1638 518 1714 558 καὶ

293 593 581 649 ἀκολουθεῖν,
613 591 661 637 τὸ
689 594 873 649 πνεῦμα
904 590 1126 648 γεννητὸν
1157 586 1223 645 ὅν,
1257 589 1333 634 διὰ
1367 592 1446 635 τοῦ
1471 590 1612 647 λόγου
1633 608 1715 649 γε·

292 675 505 729 γονέναι,
547 673 645 719 πῶς
685 671 827 714 οἱονεὶ
867 671 1145 725 προτιμᾶται
1180 670 1261 711 τοῦ
1303 671 1504 726 Χριστοῦ
1547 669 1597 712 ἕν
1627 684 1716 712 τισι

292 753 508 808 γραφαῖς.
570 747 692 803 Quae
722 747 774 788 ab
805 745 971 786 Arianis
1003 762 1090 787 esse
1121 757 1256 787 assuta
1286 746 1374 787 sine
1407 762 1547 787 caussa
1579 745 1718 786 Gene-

291 826 527 882 brardus2)
578 824 886 877 contendebat,
949 835 996 864 ut
1049 823 1271 879 apparebit
1328 840 1377 864 ex
1434 824 1717 878 sequentibus.

294 903 466 959 Item3)
497 901 626 958 paulo
658 901 877 958 superius:
915 899 1048 957 299⁴)
1080 900 1418 958 εὐσεβέστερον,
1449 900 1609 956 inquit,
1640 903 1718 944 καὶ

300 979 467 1036 ἀληθὲς
494 982 780 1038 προσιέμεθα
810 976 885 1023 τό·
926 978 1117 1023 πάντων
1155 979 1231 1023 διὰ
1271 982 1350 1022 τοῦ
1389 976 1531 1034 λόγου
1573 993 1715 1035 γενο-

295 1061 465 1117 μένων,
496 1056 546 1101 τό
580 1055 719 1114 ἅγιον
748 1059 934 1113 πνεῦμα
964 1054 1152 1100 πάντων
1186 1052 1304 1101 εἶναι,
1328 1053 1609 1112 τιμιώτερον,
1640 1058 1719 1099 καὶ

295 1134 419 1186 τάξει
448 1131 640 1179 πάντων
677 1136 770 1177 τῶν
796 1131 889 1177 ὑπὸ
919 1136 999 1178 τοῦ
1029 1133 1201 1190 πατρὸς
1238 1132 1314 1177 διὰ
1347 1137 1548 1191 Χριστοῦ
1581 1150 1717 1192 γεγε-

295 1216 528 1272 νημένων·
571 1222 613 1252 et
641 1211 770 1267 paulo
802 1210 934 1264 infra,
973 1213 1128 1253 eodem
1163 1228 1279 1254 num.
1310 1210 1370 1254 6.;
1413 1212 1624 1267 Ταῦταῧ)
1667 1212 1718 1255 δὲ

294 1291 373 1336 ἐπὶ
401 1287 520 1334 πολὺ
551 1286 787 1343 ἐξήτασται
819 1292 1103 1347 σαφέστερον
1128 1289 1246 1333 ἰδεῖν
1264 1292 1574 1346 βουλομένοις,
1606 1291 1716 1344 πῶς,

294 1370 335 1413 εἰ
374 1364 528 1410 πάντα
569 1365 626 1410 δι’
667 1365 806 1411 αὐτοῦ
845 1368 1046 1424 ἐγένετο,
1088 1369 1166 1410 καὶ
1202 1364 1252 1410 τὸ
1292 1368 1477 1421 πνεῦμα
1521 1365 1598 1410 διὰ
1640 1368 1719 1410 τοῦ

294 1442 437 1503 λόγου
470 1444 664 1501 ἐγένετο.

409 1521 551 1564 XXII.
620 1522 763 1578 Atque
809 1521 894 1563 hoc
943 1520 1102 1562 crimen
1153 1535 1302 1573 magna
1356 1521 1628 1563 contentione
1673 1521 1718 1563 in

298 1600 483 1654 Origene
515 1599 684 1640 damnat
720 1598 1019 1657 Hieronymus,
1035 1597 1076 1655 6)
1119 1598 1346 1639 credidisse
1384 1599 1524 1655 ipsum
1561 1598 1720 1651 dicens,

299 1676 533 1723 Christum
572 1675 744 1720 Filium
783 1676 879 1719 Dei
913 1689 1004 1717 non
1043 1683 1208 1718 uatum
1246 1689 1364 1730 esse,
1408 1674 1491 1718 sed
1510 1676 1720 1730 factum,

294 1767 421 1812 atque
451 1755 567 1796 idem
597 1755 650 1795 de
681 1753 846 1812 Spiritu
884 1765 1029 1795 sancto
1066 1754 1312 1798 decrevisse.
1382 1753 1589 1797 Similiter
1616 1753 1720 1809 Epi-

296 1833 475 1890 phanius
513 1833 641 1875 Haer.
672 1832 739 1876 64.
792 1848 881 1888 cap.
913 1832 953 1875 4.
1009 1831 1088 1875 Ἐκ
1127 1834 1202 1887 τῆς
1241 1831 1397 1881 οὐσίας
1433 1834 1512 1875 τοῦ
1550 1829 1721 1888 πατρὸς

297 1913 460 1955 τοῦτον
490 1909 634 1967 (υἱὸν)
667 1913 934 1967 εἰσηγεῖται,
975 1907 1155 1953 κτιστὸν
1186 1910 1237 1954 δὲ
1268 1908 1389 1966 ἅμα·
1428 1907 1636 1964 βούλεται
1667 1909 1719 1952 δὲ
1746 1935 1758 1946 ι

299 1985 359 2038 ὥς
387 1985 501 2032 κατὰ
535 1983 679 2044 χάριν
722 1985 802 2031 τὸν
843 1985 946 2031 υἱὸν
982 1984 1124 2030 αὐτὸν
1161 1990 1402 2030 καλεῖσθαι
1441 1990 1603 2042 λέγειν.
1662 1986 1720 2026 Et

301 2081 392 2122 cap.
423 2064 462 2108 5.
523 2061 830 2120 Φανερώτατα
873 2062 955 2107 τὸν
992 2061 1096 2106 υἱὸν
1131 2064 1211 2104 τοῦ
1249 2065 1362 2106 θεοῦ
1403 2067 1570 2119 κτίσμα
1609 2064 1718 2107 ἕδο-

297 2139 508 2200 γμάτισε,
539 2143 618 2184 καὶ
647 2139 739 2186 ἀπὸ
771 2143 850 2195 τῆς
879 2143 985 2201 περὶ
1014 2142 1094 2184 τοῦ
1126 2140 1229 2183 υἱοῦ
1258 2137 1426 2196 τόλμης
1454 2138 1615 2202 γνώῃς,
1651 2139 1719 2185 ὅτι

419 2365 461 2422 ¹)
489 2364 570 2407 Ev.
595 2363 855 2414 Joann.I‚3.
888 2387 940 2395 —
974 2364 1062 2405 Cfr.
1095 2365 1159 2405 ed.
1188 2378 1321 2407 nostr.
1353 2364 1529 2408 Tom.1.
1559 2384 1601 2422 p.
1620 2366 1715 2411 110.

416 2435 459 2490 2)
491 2435 577 2478 Cfr.
616 2433 876 2476 Genebrard.
922 2433 966 2474 in
1013 2433 1248 2477 Collectan.
1300 2437 1353 2476 de
1394 2436 1478 2477 vita
1521 2436 1716 2489 Origenis

306 2507 395 2549 cap.
430 2491 469 2535 6.

420 2563 463 2617 3)
497 2563 584 2605 Cfr.
616 2562 669 2603 de
702 2571 803 2602 nota
840 2559 925 2601 huc
962 2573 1177 2617 spectante
1216 2561 1425 2604 Excursus
1456 2565 1507 2611 V.
1545 2564 1597 2605 ad
1637 2564 1720 2606 cal·
1756 2597 1759 2617 Α,

303 2635 397 2663 cem
426 2619 556 2661 Tomi
584 2618 706 2677 hujus
740 2617 968 2673 appositus.
1757 2632 1759 2639 ⁴

417 2687 460 2747 ⁴)
491 2689 578 2731 Cfr.
613 2689 677 2729 ed.
708 2699 838 2729 nostr.
870 2688 996 2729 Tom.
1026 2688 1059 2729 I.
1090 2704 1182 2744 pag.
1214 2688 1308 2732 110.

418 2760 460 2815 ⁵)
495 2759 581 2801 Cfr.
614 2759 680 2800 ed.
709 2770 839 2802 nostr.
870 2758 997 2807 Tom,
1029 2759 1061 2800 Ι.
1091 2775 1183 2815 pag.
1216 2759 1308 2804 113.

417 2824 461 2885 ⁶)
492 2828 580 2874 Cfr.
609 2828 858 2888 Hieronym.
886 2829 931 2873 in
961 2847 1027 2887 ep.
1059 2829 1125 2875 59.
1157 2830 1210 2872 ad
1241 2829 1351 2873 Avit.
1384 2844 1473 2888 cap.
1507 2831 1543 2877 1.
