1759 3125
644 120 877 163 Excunsus
918 119 950 160 1.
1422 117 1504 160 367

98 232 181 275 m's.
240 232 316 276 Ita
345 245 456 288 ergo
486 233 620 287 quase·
653 230 784 273 radic·
818 229 1000 287 quidam
1037 236 1145 271 sunt
1181 228 1275 271 Dec·
1301 236 1504 271 naturae

100 322 240 365 opera
268 308 451 351 divinae
471 306 814 364 providentiae,
846 316 891 350 et
923 308 1235 349 universitatis
1266 305 1411 361 lmjus,
1444 304 1510 348 ad

99 388 485 443 comparationem
528 386 818 426 substantiae
859 398 914 427 ac
954 392 1165 425 naturae.
1237 383 1355 436 Quia
1394 395 1506 438 ergo

99 475 223 504 mens
251 470 412 504 nostra
440 463 587 517 ipsum
611 475 698 517 per
726 474 772 502 se
803 462 966 513 Deum,
996 463 1112 503 sicut
1142 468 1221 510 est,
1251 473 1340 501 uon
1359 466 1509 516 potest

100 540 295 587 intueri,-
325 551 386 579 ex
410 537 756 593 pulchritudine
786 552 983 594 operum,
1015 545 1060 579 et
1087 536 1246 578 decore
1265 544 1508 579 creatura-

100 626 226 664 rum,
260 622 505 670 parentem
541 618 746 658 universi
786 617 1021 671 intellzgc't.
1090 616 1243 656 Utrum
1285 615 1352 655 hic
1392 615 1510 654 locus

101 690 246 731 Huetii
277 692 416 732 animo
449 694 689 734 obversatus
719 693 793 744 sit,
821 710 915 733 cum
947 704 1030 733 tam
1063 693 1190 732 stulta
1219 691 1381 731 somnia
1413 691 1511 732 Ori-

101 767 197 817 geni
226 768 442 819 tribueret,
473 770 680 810 affirmare
712 787 796 810 non
827 786 1019 825 possum:
1061 771 1134 810 sed
1166 768 1323 824 liquet,
1353 779 1513 808 creatu-

103 859 167 883 ras
202 844 244 884 in
275 861 325 884 eo
358 845 474 901 quasi
509 846 648 887 radios
680 848 883 902 quosdam
916 847 997 888 dici
1030 847 1192 887 divinae
1212 857 1397 893 naturae,
1426 860 1512 884 non

104 921 219 974 quod
256 921 410 971 omnia,
441 939 711 979 quaecunque
742 936 837 964 sunt
866 924 908 964 in
930 925 1040 972 Deo,
1071 924 1153 964 sint
1175 923 1298 963 etiam
1326 921 1371 961 in
1402 936 1514 961 crea-

104 996 221 1046 turis,
251 1009 297 1037 ut
328 1000 378 1039 de
409 999 524 1041 Filio
557 1002 683 1041 docet
708 1001 932 1053 Origenes;
972 1002 1045 1042 sed
1087 1001 1201 1056 quod
1231 1000 1273 1040 in
1307 999 1355 1039 iis
1388 997 1515 1053 maje-

107 1084 187 1114 stas
214 1086 254 1114 et
287 1075 596 1131 omnipotentia
621 1078 830 1119 Creatoris
864 1078 1036 1118 eluceat.
1084 1079 1177 1117 Huc
1194 1075 1368 1124 accedit,
1400 1074 1515 1130 quod

108 1149 159 1188 de
190 1150 304 1190 Filio
335 1152 449 1193 idem
481 1154 581 1195 dicit
599 1154 800 1207 Origenes
831 1155 953 1195 Tom.
979 1155 1009 1194 I.
1040 1154 1082 1194 in
1111 1156 1248 1194 Joann
1292 1168 1405 1192 num.
1435 1149 1517 1199 30„

110 1241 205 1266 eum
239 1243 285 1267 ex
318 1230 515 1284 operibus
546 1232 745 1285 cognosci
776 1234 826 1272 ab
857 1232 930 1281 his,
964 1232 1035 1287 qui
1067 1231 1249 1272 divinam
1282 1229 1368 1285 ejus
1399 1240 1517 1268 natu-

107 1318 195 1343 ram
227 1308 504 1362 contemplari
533 1326 619 1349 non
650 1323 837 1366 possunt.

224 1382 352 1436 Quod
392 1396 555 1438 spectat
593 1387 644 1426 ad
685 1389 973 1428 aeternitatem
1021 1385 1239 1434 materiae,
1278 1385 1364 1425 sive
1396 1384 1519 1425 etiarn

110 1460 279 1509 mundi,
319 1461 537 1502 fatendum
577 1475 638 1503 est
669 1464 918 1517 Ofigenem,
960 1463 1149 1520 quamvis
1177 1461 1417 1517 saepissime
1450 1477 1521 1500 eos

110 1536 290 1586 refellat,
323 1537 393 1592 qui
424 1539 628 1580 mundum
659 1556 705 1580 ex
738 1542 910 1583 materia
935 1542 1128 1589 increata,
1160 1551 1229 1580 aut
1253 1538 1523 1580 abinferiore

113 1615 300 1669 quodam
329 1616 425 1655 Deo
460 1627 644 1658 creatum
677 1619 896 1659 volebant:
939 1618 1127 1675 quamvis
1169 1615 1223 1657 de
1253 1615 1522 1657 ecclesiasti-

116 1693 178 1732 εἰς
218 1690 558 1747 definitionibus
594 1694 839 1736 secundnm
888 1695 1106 1737 historiae
1153 1701 1341 1735 nostrae
1385 1690 1525 1744 fidem

115 1780 307 1810 constare
348 1771 517 1822 doceat,
559 1772 631 1813 lib.
673 1774 749 1814 ΙΙΙ.
791 1774 842 1813 de
885 1772 1072 1828 Princip.
1113 1788 1200 1827 cap.
1241 1772 1280 1813 5.
1319 1786 1432 1810 num.
1474 1769 1526 1818 1.,

116 1844 236 1901 quod
262 1845 456 1889 mundus
482 1848 642 1901 factus
669 1854 750 1901 sit,
792 1857 837 1890 et
877 1862 939 1892 ex
968 1855 1092 1891 certo
1128 1857 1326 1904 tempore
1356 1848 1529 1902 coepit,-

118 1922 330 1964 interdum
371 1936 511 1966 tamen
555 1927 723 1967 videtur
762 1927 804 1967 in
848 1927 1069 1968 absurdam
1114 1926 1233 1965 illam
1282 1923 1529 1979 opinionem

117 2000 348 2050 inclinare,
391 2014 438 2042 ut
469 2015 562 2044 ante
593 2004 702 2044 hunc
735 2005 937 2045 mundum
970 2004 1075 2044 alios
1107 2004 1310 2060 quosdam
1343 2003 1380 2041 ei
1412 2000 1531 2041 dissi-

118 2078 239 2119 miles
287 2079 488 2120 exstitisse
524 2097 610 2120 non
660 2081 888 2136 improbet.
957 2082 1109 2122 Utrum
1161 2082 1232 2121 has
1276 2080 1532 2119 mundorum

119 2155 198 2196 sibi
229 2156 544 2197 succedentium
567 2157 870 2200 vicissitudines
901 2172 1086 2201 aeternas
1118 2159 1295 2206 duxerit,
1325 2173 1410 2196 non
1442 2172 1535 2195 exa—

122 2232 264 2284 min03
295 2235 369 2274 sed
401 2234 562 2275 etiamsi
592 2247 777 2276 aeternas
810 2236 1011 2287 duxisset,
1049 2247 1204 2277 starent
1247 2250 1414 2288 semper
1457 2248 1533 2272 suo

125 2312 281 2351 robore
312 2311 425 2352 illius
456 2313 508 2352 de
538 2312 641 2352 Filii
671 2313 914 2354 aeternitate
955 2325 995 2354 et
1026 2314 1242 2354 divinitate
1272 2309 1533 2351 testimonia:

126 2389 249 2429 aliter
288 2389 399 2429 enim
437 2389 551 2430 Filio
590 2390 694 2440 Dei,
736 2391 859 2432 aliter
898 2393 1022 2431 rebus
1062 2390 1208 2430 creatis
1249 2388 1538 2429 aeternitatem

128 2466 396 2507 attribueret:
428 2466 515 2507 istis
547 2467 812 2525 conjiciendo
847 2479 887 2508 et
919 2467 1167 2516 dubitando,
1198 2465 1265 2506 isti
1286 2465 1535 2504 affirmando

130 2556 173 2585 et
200 2545 497 2595 asseverando;
527 2543 628 2596 istis,
658 2545 754 2601 quia
784 2545 906 2586 aliter
926 2545 1041 2585 Deus
1074 2543 1342 2600 omnipotens
1372 2559 1540 2598 semper

130 2621 256 2662 fuisse.
288 2638 373 2662 non
405 2622 648 2672 videbatur,
685 2622 764 2663 nisi
804 2621 964 2678 aliquid
1001 2637 1077 2662 suo
1111 2621 1327 2661 dominatu
1357 2630 1540 2670 teneret;

128 2698 197 2739 isti
214 2715 328 2750 vero,
359 2699 455 2754 quia
472 2710 532 2739 est
553 2699 680 2749 Deus,
702 2702 902 2748 Verbum,
924 2697 1151 2755 Sapientia,
1180 2697 1357 2745 Veritas,
1389 2697 1541 2751 Splen-

132 2777 211 2816 dor
241 2778 388 2828 Patris,
420 2789 460 2817 et
490 2776 626 2829 imago
658 2777 986 2828 absolutissima,
1026 2776 1092 2817 cui
1121 2775 1225 2815 nihil
1258 2775 1383 2821 desit,
1425 2774 1541 2829 quod

132 2853 303 2909 quidem
333 2855 386 2896 sit
416 2855 457 2896 in
487 2856 626 2897 Patre.
674 2853 789 2907 Quin
821 2855 944 2895 ctiam
976 2869 1062 2894 non
1091 2852 1221 2893 solius
1245 2851 1377 2892 Patris
1406 2850 1541 2890 omni-
