1759 3125
235 57 318 103 188
654 55 796 96 Pmm
835 54 1047 97 nameus
1085 53 1250 111 Hun‘rn

236 168 469 226 penetralia
498 167 687 210 scrutari.
746 167 1068 208 Meminerimus
1107 183 1232 223 supra
1270 178 1462 208 notatum
1501 181 1588 207 esse
1628 181 1652 207 a

235 248 373 298 nobis,
404 246 630 288 credidisse
662 245 891 299 Origenem
921 244 1081 286 Filium
1119 261 1304 286 manasse
1347 246 1398 286 de
1438 244 1522 285 Dei
1556 244 1653 284 sub-

240 473 311 514 sed
345 488 389 513 ea
420 470 563 528 potius
592 469 735 511 rimari
767 482 808 511 et
837 468 1060 525 suspicari,
1101 469 1152 509 de
1195 468 1346 524 quibus
1385 468 1474 523 ipse
1508 467 1658 519 Orige-

239 559 311 583 nes
342 558 393 582 ne
425 558 502 597 per
531 542 739 582 somnium
783 540 954 596 quidem
991 556 1176 595 unquam
1217 539 1426 591 cogitavit.
1496 539 1658 579 Fateor

242 612 554 665 generationem
586 611 690 652 Filii
722 627 768 650 ex
800 611 923 650 Patre
956 609 1158 650 illustrari
1201 611 1251 650 ab
1285 610 1490 662 Origene,
1532 609 1658 648 etiam

239 683 283 724 in
315 684 430 724 libris
462 695 606 723 contra
639 681 830 729 Celsum,
869 680 1146 721 similitudine
1177 681 1306 730 radii,
1342 680 1427 720 sive
1459 679 1660 734 splendo-

241 756 296 796 ris
328 772 348 795 a
379 755 483 803 sole,
514 753 600 793 sive
639 752 725 792 alio
767 768 946 805 corpore
978 751 1145 800 lucido,
1186 750 1379 807 projecti.
1439 750 1526 791 Sed
1557 748 1661 804 quid

242 825 361 866 tum?
391 827 543 864 Annon
574 823 718 863 Patres
750 821 951 862 catholici
985 837 1144 870 omnes,
1177 832 1262 861 tam
1294 820 1365 877 qui
1396 832 1504 870 ante,
1535 835 1661 875 quam

245 895 315 951 qui
348 906 444 950 post
475 893 701 933 concilium
740 894 972 934 Nicaenum
1006 891 1291 947 scripserunt,
1343 892 1495 931 eodem
1533 889 1661 930 simili

244 965 307 1006 usi
338 964 461 1005 sunt?
508 965 660 1004 Nonne
691 963 771 1019 ipsi
804 963 949 1003 Patres
979 963 1166 1012 Nicaeni,
1198 963 1326 1019 idque
1356 963 1396 1002 in
1428 963 1520 1017 ipso
1553 978 1662 1019 sym-

243 1038 347 1077 bolo
378 1052 469 1085 suo,
501 1034 707 1082 dixerunt,
737 1033 896 1073 Filium
927 1033 1067 1072 Deum
1102 1050 1148 1073 ex
1179 1033 1303 1073 Patre
1334 1034 1430 1073 Deo
1461 1033 1586 1082 nasci,
1616 1043 1664 1072 ut

246 1109 387 1148 lumen
422 1107 472 1145 de
504 1103 691 1144 lumine?
749 1104 804 1143 Et
835 1102 936 1158 quid
969 1103 1138 1143 demum
1172 1120 1235 1159 ep.
1268 1105 1317 1144 ad
1353 1104 1570 1144 Hebraeos
1602 1103 1664 1142 di-

248 1179 345 1219 vino
378 1176 575 1231 scriptori
606 1175 702 1223 fiet,
747 1174 820 1229 qui
859 1190 946 1214 non
978 1174 1131 1214 veritus
1168 1187 1225 1215 est
1256 1175 1416 1215 filium
1447 1174 1531 1214 Dei
1559 1190 1665 1213 nun-

251 1265 403 1304 cupare
437 1245 722 1301 ‹Zacca‘yaqua
740 1248 811 1296 τῆς
830 1242 961 1297 δόξης
987 1248 1063 1286 7οῦ
1086 1243 1266 1299 πατρός,
1300 1262 1374 1300 cap
1406 1246 1434 1286 l.
1467 1261 1570 1285 vers.
1593 1244 1664 1288 3.?

247 1321 348 1360 Duo
382 1328 493 1357 certe
529 1314 770 1370 porismata,
803 1331 907 1369 quae
940 1330 987 1354 ex
1025 1314 1101 1354 hac
1132 1315 1448 1370 comparatione
1479 1314 1665 1364 deducit,

250 1389 507 1441 Origenique
555 1384 714 1436 affingit
763 1384 963 1433 Huetius,
1010 1401 1032 1424 a
1078 1397 1217 1425 mente
1258 1386 1451 1436 Origenis
1491 1385 1666 1425 omnino

248 1461 382 1501 aliena
413 1467 520 1497 sunt.
579 1454 772 1494 Primum
804 1465 876 1503 est,
907 1454 1067 1494 Filium
1099 1471 1120 1495 a
1149 1455 1273 1495 Patre
1311 1456 1443 1496 dividi
1474 1469 1514 1497 et
1548 1473 1667 1511 sepa-

248 1530 329 1572 rari
359 1539 407 1568 ut
437 1537 600 1582 partem
632 1523 796 1564 divinae
829 1525 1028 1565 essentiae
1059 1541 1080 1565 a
1111 1537 1221 1578 tota,
1261 1519 1452 1582 a‘deoque
1490 1526 1574 1567 Dei
1606 1543 1668 1566 es-

248 1599 425 1641 sentiam
454 1598 496 1636 in
526 1607 666 1651 partes
695 1606 851 1635 sectam
883 1611 981 1635 esse.
1043 1597 1127 1637 Sed
1160 1597 1251 1652 quis
1283 1599 1448 1645 credat,
1480 1596 1681 1649 Origeni,

250 1670 342 1711 viro
377 1684 472 1709 sane
504 1683 590 1706 non
621 1666 812 1715 indocto,
842 1676 926 1705 tam
959 1665 1156 1707 insulsam
1187 1667 1493 1723 blasphemiam
1523 1667 1668 1707 venire

250 1742 292 1782 in
323 1750 509 1780 mentem
539 1736 756 1792 potuisse?
816 1735 999 1789 Quoties
1030 1753 1129 1777 vero
1161 1737 1203 1777 in
1223 1738 1400 1793 Scriptis
1431 1737 1515 1779 suis
1546 1737 1667 1778 istam

248 1808 554 1865 blasphemiam
585 1795 775 1862 expresse
804 1805 1044 1862 repudiavit
1061 1808 1369 1850 Adamantius?
1399 1808 1484 1858 Sic,
1514 1820 1560 1848 ut
1589 1809 1670 1848 alia

252 1882 347 1921 loca
365 1890 558 1919 sexcenta
586 1877 793 1927 omittam,
825 1877 867 1917 in
898 1877 972 1919 lib.
996 1878 1064 1917 lV.
1100 1890 1243 1919 contra
1265 1880 1434 1920 Celsum
1466 1895 1582 1918 num.
1603 1878 1667 1920 14.

252 1950 488 2005 Epicureos
518 1960 559 1988 et
589 1948 759 1998 Stoicos
789 1948 950 1997 irridet,
982 1950 1098 2004 quod
1127 1965 1213 1989 non
1243 1949 1460 2003 potuerint
1489 1951 1669 2003 τρανῶ-

254 2037 329 2063 σαι
361 2017 440 2071 τὴν
471 2035 500 2075 q
515 2017 672 2069 υσικὴν
702 2021 779 2059 τοῦ
812 2022 922 2061 θεοῦ
954 2021 1160 2073 ἔννοιαν,
1202 2017 1260 2067 ὠς
1297 2017 1444 2073 πάντη
1476 2017 1669 2077 ἀφθάρ-

254 2108 347 2135 του,
381 2091 455 2128 καὶ
487 2085 661 2135 ἁπλοῦ,
692 2092 768 2129 καὶ
800 2086 1076 2140 (ἷσι.’νθέῑου,
1115 2094 1190 2131 καὶ
1230 2089 1502 2146 ἀδιαιρέτου.
1563 2090 1668 2130 Mox

253 2160 384 2208 addit,
414 2157 575 2198 Filium
604 2157 689 2196 Dei
719 2158 761 2196 in
791 2158 927 2198 forma
958 2159 1054 2207 Dei,
1086 2159 1166 2198 hoc
1196 2171 1277 2207 est,
1314 2159 1355 2199 in
1400 2159 1575 2200 essentia
1606 2160 1670 2200 di·-

254 2232 348 2272 vina
378 2228 614 2276 subsistere,
645 2226 823 2281 proinde
856 2239 896 2267 et
925 2228 1060 2283 ipsum
1095 2227 1206 2284 juxta
1240 2246 1332 2269 cum
1359 2229 1485 2270 Patre
1514 2229 1670 2277 immu-

253 2301 427 2344 tabilem
461 2314 560 2338 esse.
619 2298 735 2338 Nhil
765 2309 905 2338 autem
936 2298 1168 2353 expressius
1205 2298 1302 2339 huic
1332 2311 1573 2340 commento
1605 2316 1671 2340 re-

255 2382 435 2428 pugnat,
479 2384 604 2424 quam
635 2369 761 2408 verba
792 2366 1004 2419 Origenis,
1037 2385 1141 2423 quae
1173 2385 1221 2410 ex
1251 2369 1324 2414 lib.
1356 2371 1409 2411 Il.
1440 2385 1567 2424 super
1593 2370 1671 2409 Jo-

257 2459 350 2483 ann.
382 2440 480 2481 citat
510 2438 756 2493 Pamphilus
786 2438 827 2478 in
849 2438 1073 2493 Apologia,
1102 2456 1255 2495 nempe
1287 2440 1411 2480 haec:
1450 2439 1671 2494 Unigeni-

258 2519 330 2554 tus
359 2522 470 2565 ergo
502 2509 628 2550 Dens
648 2507 866 2550 Salvator
896 2515 1063 2560 noster,
1093 2509 1213 2550 solus
1242 2522 1273 2549 ιι
1303 2510 1449 2552 Patre
1470 2523 1673 2565 genera-

259 2589 344 2632 tus,
377 2588 555 2621 natura
585 2586 630 2620 et
661 2591 751 2618 non
792 2576 1034 2634 adoptione
1072 2578 1217 2620 Filius
1256 2586 1335 2621 est.
1405 2579 1558 2622 Natus
1589 2593 1670 2621 αα-

260 2660 350 2695 tem
381 2664 442 2694 ex
473 2653 573 2706 ipsa·
606 2649 765 2691 Patris
796 2657 966 2702 mente,
1009 2650 1127 2690 sicut
1168 2649 1379 2691 voluntas
1416 2661 1476 2690 ex
1506 2656 1670 2690 mente.

258 2722 361 2767 Non
391 2723 510 2763 enlm
542 2717 774 2761 divisibilis
803 2726 869 2761 est
900 2717 1056 2761 divina
1086 2726 1289 2771 natura,
1329 2718 1381 2761 id
1406 2727 1496 2771 est,
1542 2721 1673 2775 inge-

261 2794 352 2835 m‘tz‘
377 2792 549 2841 Patrc’s,
579 2796 630 2831 ut
653 2796 867 2846 putemus
896 2789 968 2831 vel
994 2787 1231 2840 dc‘vcsz‘one,
1260 2789 1333 2832 vel
1357 2791 1674 2832 imminutione
