1759 3125
470 101 861 143 OMGENJANORUM
894 97 1032 136 Lmen
1062 97 1114 136 11.
1405 95 1487 142 333

73 214 312 269 Legimus,
344 212 499 268 inquit,
536 213 578 252 se·
608 222 762 256 tamen
794 212 872 250 cuz·
889 209 1046 265 placet
1077 205 1336 263 hujusmodi
1361 208 1483 250 Scri-

64 299 255 347 pturam
284 291 498 345 recipere,
517 289 736 343 justitiae
766 293 811 328 et
840 287 1100 342 iniquitatis
1129 284 1319 340 angelos
1347 298 1483 340 super

69 366 287 410 Abrahae
324 365 475 407 salute
515 362 840 419 dc'scepmntes,
888 362 995 404 dum
1035 369 1260 416 utraeque
1298 369 1481 426 turmae

66 455 143 484 suo
173 454 276 483 eum
305 441 461 485 volunt
491 443 641 483 coetui
674 438 928 482 vendicare.
988 439 1050 480 Ex
1090 440 1294 480 daemone
1327 451 1480 490 autem,

67 518 131 558 cui
163 534 320 558 nomen
351 518 490 574 legio,
535 517 677 558 miseri
721 517 836 557 illius
887 517 929 556 in
971 515 1218 571 sepulcretis
1259 516 1481 557 habitantis

67 611 218 650 corpus
251 607 496 650 occupante,
529 612 551 635 a
581 594 775 651 plurimis
807 594 932 635 simul
964 592 1240 634 daemonibus
1272 609 1347 633 nos
1380 611 1484 649 pro-

64 672 134 711 bat
166 671 473 723 circumsideri3
505 671 663 728 quippe
695 671 796 711 vitio
827 670 1054 725 unicuique
1084 686 1277 726 praeesse
1311 671 1482 711 daemo-

62 763 161 787 nem
190 765 333 797 unum,
367 748 488 803 eique
518 748 729 805 subjectos
764 764 851 788 esse
875 748 1099 788 daemones
1121 747 1376 802 complures,
1409 749 1481 804 qui

63 825 114 864 'ad
147 823 294 864 vitium
328 825 459 866 hocce
488 827 807 881 propagandum
837 823 1120 876 subserviant3
1162 840 1307 865 omnes
1339 836 1478 866 autem

61 901 288 957 principes,
320 914 590 957 peccatorum
622 901 883 942 incremento
922 902 1183 957 praefectos,
1234 908 1480 956 supremum

63 993 192 1017 unum
226 979 390 1029 ducem,
420 979 538 1019 velut
565 979 741 1019 militiae
771 994 867 1018 suae
895 978 1137 1030 magistrum
1153 979 1321 1021 habere.
1371 979 1480 1021 Cum

64 1066 201 1094 autem
232 1055 376 1096 multis
406 1055 530 1096 simul
561 1056 752 1096 laborare
781 1055 915 1110 possit
945 1055 1055 1096 vitiis
1076 1056 1223 1106 homo,
1255 1068 1295 1096 et
1316 1057 1482 1098 laboret

62 1147 286 1186 persaepe,
331 1144 431 1172 tunc
470 1149 491 1173 a
531 1132 674 1173 multis
706 1146 801 1172 eum
834 1132 957 1172 simul
989 1133 1264 1174 daemonibus
1295 1133 1480 1177 insideri.

66 1207 196 1261 Quod
223 1208 278 1249 ita
309 1220 448 1250 tamen
487 1210 538 1250 ab
571 1208 754 1262 Origene
794 1209 1057 1250 intellectum
1097 1221 1226 1265 puto,
1264 1221 1480 1266 tempora-

61 1283 141 1324 rias
181 1301 267 1325 esse
307 1286 378 1326 bas
409 1287 695 1341 complurium
727 1287 1003 1338 daemonum,
1043 1288 1341 1339 angelorumve
1373 1304 1481 1329 asse-

62 1361 287 1414 ctatione53
331 1375 589 1404 constantem
620 1375 760 1404 autem
793 1375 833 1403 et
863 1379 940 1418 per
969 1363 1098 1404 totius
1131 1363 1388 1404 curriculum
1419 1365 1481 1405 vi-

59 1450 127 1479 tae
158 1452 495 1494 perseverantem
535 1440 637 1481 certi
679 1439 853 1496 alicujus
885 1440 1021 1492 angeli
1055 1439 1202 1480 itidem
1235 1451 1277 1480 et
1308 1442 1479 1481 daemo-

62 1515 124 1556 nis
155 1515 445 1571 stipationem,
482 1516 667 1558 nascenti
711 1517 884 1557 cuilibet
914 1517 1075 1558 homini
1106 1518 1319 1558 decretam
1352 1530 1392 1560 et
1418 1530 1477 1559 at-

61 1593 275 1634 tributam.

175 1671 312 1711 Porro
346 1682 443 1726 post
473 1670 808 1713 administratum
838 1672 995 1713 tutelae
1017 1683 1183 1713 nostrae
1204 1690 1368 1724 munus,
1399 1687 1479 1716 sta-

61 1760 151 1789 tum
180 1747 233 1788 iri
265 1747 433 1799 angelos
464 1746 506 1787 in
544 1747 729 1805 judicio,
771 1761 811 1790 et
848 1750 1073 1805 impositae
1111 1750 1191 1791 sibi
1232 1751 1478 1805 provinciae

60 1826 268 1867 rationem
299 1823 539 1864 reddituros
569 1824 699 1880 ipsius
730 1827 943 1882 persuasio
971 1828 1063 1869 fuit.
1112 1827 1252 1882 Quam
1276 1828 1474 1883 quoniam

60 1898 143 1960 iam
175 1914 270 1943 ante
302 1901 579 1954 excussimus,
621 1919 901 1958 properemus
932 1904 983 1944 ad
1013 1903 1113 1954 alia,
1147 1916 1188 1944 et
1217 1905 1374 1960 placita
1402 1923 1476 1947 sua

60 1995 186 2036 super
216 1980 462 2031 angelorum
499 1979 632 2031 tutela
669 1980 782 2020 unde
818 1980 1022 2030 hauserit,
1063 1993 1104 2021 et
1143 1983 1359 2037 quodnam
1395 1983 1476 2024 sibi

58 2056 342 2114 patrocinium
371 2057 581 2111 spondere
610 2056 757 2111 possit,
789 2057 1063 2112 exquiramus.

170 2133 332 2174 XXXI.
390 2132 664 2173 praeiverunt
701 2133 767 2173 illi
808 2133 850 2173 in
892 2150 938 2174 ea
977 2134 1177 2190 opinione
1209 2136 1260 2176 de
1291 2137 1474 2178 hominis

58 2209 387 2266 uniuscujusque
423 2209 542 2250 socio
583 2226 630 2250 ac
669 2209 871 2266 stipatore
908 2211 1029 2263 genio
1063 2211 1254 2253 Gentiles
1284 2214 1475 2268 philoso-

56 2288 143 2344 phi,
176 2287 248 2342 qui
279 2286 498 2326 hominum
530 2299 569 2328 et
601 2288 796 2328 locorum
812 2288 1022 2343 praesides
1051 2290 1209 2341 genios,
1238 2306 1324 2330 non
1356 2307 1378 2331 e
1408 2308 1475 2332 su-

57 2364 296 2420 perioribus
326 2362 541 2412 Deorum,
581 2364 653 2404 sed
693 2380 740 2404 ex
777 2365 971 2406 Deorum
1016 2366 1067 2406 de
1097 2367 1223 2421 plebe
1256 2368 1473 2410 ordinibus

59 2441 281 2482 accersitos
315 2439 495 2481 confessi
524 2452 641 2492 sunt3
671 2441 794 2482 Plato
827 2458 927 2482 vero
946 2442 1188 2498 praecipue,
1221 2469 1271 2474 —
1302 2456 1348 2484 ut
1375 2445 1470 2486 Cle—

58 2533 174 2558 mens
192 2516 496 2558 Alexandrinus
515 2518 700 2569 agnoscit
723 2545 788 2569 —,
820 2536 916 2560 cum
945 2520 1059 2569 alibi,
1090 2531 1181 2560 tum
1211 2520 1253 2560 in
1286 2520 1379 2563 libr.
1406 2522 1470 2565 10.

59 2595 110 2635 de
147 2595 313 2650 republ.
361 2610 502 2635 versus
542 2594 680 2636 finem.
750 2596 878 2653 Cujus
918 2597 1154 2638 doctrinam
1192 2596 1248 2638 ita
1279 2599 1469 2641 edisserit

51 2670 251 2711 vPlotinus
281 2671 388 2712 Enn.
421 2670 463 2714 3.
503 2670 597 2712 libr.
630 2671 690 2722 4.,
730 2683 777 2714 ut
817 2674 889 2729 qui
931 2690 976 2715 ea
1008 2675 1268 2730 perspexerit
1297 2688 1469 2727 attente,

57 2747 246 2787 dubitare
262 2747 436 2788 minime
452 2747 599 2803 possit,
621 2747 720 2803 quin
744 2766 815 2790 sua
834 2766 854 2790 e
871 2750 1064 2803 Platone,
1094 2751 1468 2793 Platonicorumve

50 2823 415 2866 lucubrationibus
448 2824 650 2877 Origenes
684 2826 964 2868 transtulerit:
1010 2843 1105 2868 nam
1158 2840 1199 2869 et
1252 2829 1467 2871 daemonis
