1759 3125
607 112 835 154 Excunsus
866 113 980 155 VIII.
1418 115 1501 159 415

91 239 225 277 stum,
257 238 297 267 et
327 225 360 277 si
390 225 640 265 Emmanuel
671 236 842 266 vocatus
872 241 959 265 non
990 225 1060 273 sit,
1091 239 1135 264 re
1167 236 1304 265 tamen
1337 238 1378 266 et
1406 243 1500 267 sen·

91 302 220 342 tentia
252 301 568 342 Emmanuelem
599 319 708 353 esse;
739 313 779 342 et
809 301 1092 357 prophetiam,
1123 318 1227 356 quae
1248 301 1502 344 Emmanue-

95 372 177 418 lem
207 379 329 418 illum
359 390 554 419 vocatum
593 379 644 419 iri
683 378 910 434 praedixit,
947 394 1033 418 non
1074 379 1229 428 verbo,
1272 379 1346 419 sed
1376 396 1500 420 sensu

91 454 416 512 dijudicandam.
477 455 689 496 Christum
719 456 860 495 Deum
901 471 987 496 esse
1024 456 1178 510 probat
1206 471 1320 496 num.
1351 456 1419 499 56.
1451 473 1500 497 ex

89 532 150 572 his
180 531 338 572 Psalmi
368 532 524 573 verbis:
555 520 690 575 Sede&
710 533 748 588 ¹)
780 540 878 588 tua,
910 533 1050 587 Deus,
1080 535 1127 572 in
1150 532 1381 574 saeculum
1396 547 1498 575 sae-

90 609 192 651 culi.
258 608 407 652 Unxit
438 615 480 650 te
511 609 659 663 Deus,
691 609 820 652 Deus
850 617 953 651 tuus
981 611 1030 651 z'n
1061 616 1326 652 aetermam.-
1363 611 1498 652 addit-

87 702 167 741 que
210 686 294 726 hoc
331 687 500 727 Psalmo
543 703 663 727 usum
704 703 746 727 se
785 686 889 727 olim
927 687 1054 727 fuisse
1100 697 1245 727 contra
1287 688 1498 729 Judaeum

86 764 308 818 quendam,
339 763 424 818 qui,
455 780 550 803 cum
581 764 735 817 pedem
776 780 822 804 ex
853 764 934 804 hoc
963 763 1062 804 loco
1094 764 1252 804 referre
1283 781 1369 804 non
1399 781 1498 820 pos-

84 852 159 890 set,
192 841 293 880 illuc
325 840 466 889 evasit,
494 851 542 880 ut
572 841 624 879 ad
653 841 796 881 Deum
826 840 1120 881 universorum
1159 841 1309 882 referri
1339 843 1495 883 debere

85 919 371 959 contenderet.
445 919 582 958 Nemo
622 933 718 957 sane
765 918 915 958 dixerit
954 917 1182 970 Origenem
1221 930 1339 959 tanto
1379 932 1496 961 aestu

86 1012 180 1035 cum
212 994 383 1036 Judaeis
414 995 709 1044 decertantem,
739 994 854 1034 aliud
885 995 989 1034 nihil
1011 997 1062 1036 ab
1086 996 1135 1036 iis
1165 996 1398 1051 exprimere
1418 1013 1495 1037 vo-

85 1072 224 1123 luisse,
254 1072 333 1112 nisi
362 1083 410 1112 ut
433 1071 645 1111 Christum
678 1086 783 1111 voce
813 1082 933 1111 tenus
963 1072 1195 1113 faterentur
1222 1074 1406 1115 Deum.“

196 1148 396 1199 „Ridenti
425 1148 591 1189 Judaeo
621 1165 736 1188 num.
767 1146 834 1190 58.
874 1160 915 1188 et
945 1147 1033 1199 60„
1073 1151 1187 1206 quod
1229 1149 1431 1190 Chaldaei
1469 1166 1494 1191 a

81 1228 184 1269 Jesu
213 1227 265 1266 ad
304 1242 398 1266 eum
430 1225 633 1266 infantem
668 1226 930 1266 adorandum
970 1226 1092 1267 tracti
1130 1226 1392 1278 dicerentur,
1429 1244 1495 1269 re-

81 1304 282 1359 spondet:
314 1318 455 1354 magos
485 1301 582 1343 illos
615 1313 656 1342 et
686 1302 832 1342 stellae
861 1301 1050 1343 novitate
1078 1304 1310 1358 perculsos,
1341 1316 1383 1345 et
1411 1304 1494 1346 Ba-

78 1382 185 1421 laam
221 1379 380 1420 oraculi
409 1395 632 1428 memores,
660 1395 707 1419 ac
737 1379 848 1420 forte
881 1379 1005 1420 etiam
1035 1379 1133 1420 artis
1163 1397 1259 1421 suae
1290 1380 1492 1422 inanitate

76 1468 297 1514 perspecta
324 1456 488 1496 nullum
519 1456 601 1512 jam
622 1456 810 1497 habentis
828 1457 997 1507 exitum,
1028 1457 1188 1498 venisse
1208 1458 1250 1498 in
1271 1459 1492 1512 Judaeam,

77 1548 118 1576 et
149 1551 295 1575 aurum
328 1532 493 1575 Christo
523 1545 571 1573 ut
598 1533 708 1585 regi,
738 1533 948 1591 myrrham
978 1545 1025 1574 ut
1054 1535 1290 1585 morituro,
1318 1536 1414 1576 thus
1444 1549 1490 1577 ut

75 1612 174 1654 Deo
206 1611 420 1653 obtulisse.
481 1612 625 1661 Addit,
657 1610 857 1667 quoniam
886 1611 1003 1652 Deus
1035 1623 1122 1652 erat
1152 1612 1207 1663 is,
1239 1613 1310 1668 qui
1338 1626 1490 1669 poten-

72 1689 160 1730 tior
197 1688 352 1741 angelis
394 1689 594 1730 Servator
639 1689 811 1729 humani
856 1689 1018 1742 generis
1058 1701 1250 1740 venerat,
1294 1690 1488 1743 angelum

71 1765 219 1822 pietati
248 1782 480 1818 magorum,
512 1766 584 1822 qui
613 1767 758 1807 Jesum
789 1767 1078 1816 adoraverant,
1107 1767 1344 1822 praemium
1373 1780 1489 1809 retu-

72 1843 183 1892 lisse,
213 1860 260 1884 ac
289 1843 516 1892 monuisse,
544 1859 598 1883 ne
627 1844 680 1884 ad
709 1843 927 1884 Herodem
958 1850 1310 1886 reverterentur.“

184 1919 286 1970 „Sic
317 1920 528 1961 Christum
561 1920 791 1975 compellat
819 1921 1003 1962 Judaeus
1032 1937 1147 1962 num.
1169 1921 1238 1964 57.
1291 1920 1347 1964 Si
1372 1924 1487 1979 qm&-

71 2000 166 2054 quz‘s
195 1997 434 2054 singulari
468 1997 563 2039 Dei
591 1994 886 2053 providentia
910 1998 1101 2053 genitus
1128 2003 1220 2048 est,
1263 1996 1385 2040 hunc
1409 1999 1488 2042 Fe·-

71 2074 182 2116 lc'um
212 2074 308 2117 Del
332 2086 424 2116 esse
454 2071 586 2116 dic-229.-
623 2086 712 2130 qua
750 2076 798 2116 in
826 2086 878 2116 re
903 2081 1120 2130 praestas
1150 2076 1346 2118 ceteris?
1401 2076 1485 2117 Re-

69 2152 252 2206 spondet
282 2150 501 2203 Origenes,
530 2151 690 2192 Filium
726 2151 900 2207 quidem
926 2150 1011 2192 Dei
1043 2167 1152 2202 esse,
1179 2151 1366 2208 quisquis
1396 2169 1482 2193 non

69 2227 153 2286 jam
181 2240 296 2269 metu
326 2228 506 2279 ducitur,
536 2229 610 2269 sed
640 2228 840 2270 virtutem
868 2241 1048 2285 propter
1083 2245 1127 2270 se
1159 2228 1290 2285 ipsam
1321 2230 1485 2285 ample-

70 2305 217 2357 ctitur3
249 2317 290 2346 at
317 2305 462 2346 Jesum
492 2306 616 2359 longe
647 2306 730 2347 alio
762 2322 884 2347 sensu
920 2305 1082 2347 Filium
1110 2305 1195 2347 Dei
1235 2322 1334 2347 esse.
1396 2298 1483 2350 Οὗ-

67 2398 142 2430 τος
171 2382 221 2426 δὲ
251 2383 404 2437 πολλῷ
436 2386 512 2425 καὶ
540 2387 700 2442 μακρῷ
741 2385 949 2442 διαφέρει
978 2381 1150 2432 παντὸς
1178 2385 1257 2426 τοῦ
1291 2381 1367 2426 διὰ
1398 2382 1480 2438 τὴν

69 2457 234 2517 ἀρετὴν
272 2462 625 2515 χρηματίζοντος
663 2464 763 2505 υἱοῦ
802 2464 881 2504 τοῦ
929 2462 1067 2505 θεοῦ·
1119 2458 1238 2510 ὅστις
1283 2458 1479 2519 ὡσπερεὶ

67 2534 190 2592 πηγή
219 2552 281 2584 τις
310 2538 387 2577 καὶ
418 2535 529 2593 ἀρχὴ
561 2541 652 2581 τῶν
689 2536 907 2582 τοιούτων
938 2535 1168 2594 τυγχάνει.
1235 2538 1308 2579 Ait
1346 2538 1475 2595 paulo

67 2624 166 2668 post
194 2612 303 2653 illud
334 2613 580 2654 Gamalielis
609 2618 824 2670 praeclare
856 2615 1040 2656 dictum:
1070 2613 1125 2657 Sz’
1148 2622 1216 2657 est
1244 2628 1306 2658 ex
1336 2614 1476 2657 leomi-

66 2690 198 2730 m'bus
228 2689 465 2732 consilium
495 2687 596 2744 lzoc,
628 2699 711 2734 aut
741 2706 860 2750 opus,
893 2690 1181 2735 dissolvetur.-
1209 2693 1253 2734 εἰ
1278 2704 1382 2735 vero
1413 2703 1474 2735 ex

180 2849 218 2905 ¹)
252 2850 336 2893 Cfr.
368 2851 521 2896 Psalm.
551 2853 678 2903 XLV,
708 2852 746 2896 6.
780 2853 815 2896 7.
850 2853 1043 2910 (XLIV.)
