1759 3125
246 107 332 154 388
788 105 1023 150 Excunsus
1053 106 1124 147 lv.

251 221 401 264 stantia
430 236 517 262 non
550 220 705 276 possit;
735 220 807 261 sed
839 231 977 260 tamen
1008 217 1143 258 Patris
1172 216 1470 273 praestantiam
1491 215 1551 256 sic
1580 231 1677 271 per-

253 299 311 353 git
344 298 603 340 describere:
633 296 741 340 Ἀλλ’
768 298 806 354 ¹)
841 295 1082 352 ἷῖιιιοςάῶν
1114 293 1359 350 τοσούτων,
1379 296 1487 342 κτλ,
1520 292 1563 333 id
1593 304 1678 332 est:

254 373 348 418 Sed
376 383 531 417 tamen
564 387 662 416 cum
693 377 787 431 ipse
826 374 975 415 tantis
1017 384 1072 412 oc
1113 368 1283 412 talibus
1321 374 1505 414 naturis
1545 382 1682 426 prae-

253 459 344 494 stet
375 454 588 504 essentia,
618 451 868 509 dignitate,
900 455 941 490 et
972 453 1219 504 potestate,
1253 461 1308 489 ac
1337 446 1599 497 die-instate,
1630 471 1685 480 -—

256 538 323 573 est
353 532 475 572 enim
507 531 658 571 viz-ens
700 528 891 570 Verbum
924 535 968 568 et
999 525 1244 581 Sapientia
1278 550 1352 575 —-‚
1384 525 1527 566 Patri
1554 523 1685 565 nulla

255 622 307 651 re
347 614 664 665 comparatur.
732 605 816 648 Est
833 604 874 660 2)
925 605 1047 645 enim
1094 606 1248 658 imago
1303 603 1401 658 ejus
1449 599 1685 651 bonitatis,

256 683 557 743 splendorque
589 696 678 724 non
710 683 824 732 Dei,
865 679 947 723 sed
983 682 1078 737 ejus
1104 680 1312 734 gloriae,
1355 681 1537 736 ejusque
1576 680 1688 720 lucis

256 770 506 810 aeternae,
550 769 596 803 et
636 772 779 817 vapor
818 772 908 801 non
947 758 1136 808 Patris,
1186 755 1268 798 sed
1303 759 1400 813 ejus
1425 758 1688 813 potestatis,

255 843 525 894 sinceraque
555 839 880 894 omnipotentis
909 838 1006 893 ejus
1030 835 1216 892 gloriae
1233 834 1419 888 fluxio,
1449 841 1494 876 et
1524 847 1687 890 specu-

259 917 351 958 lum
384 915 737 958 immaculatum
770 913 969 972 ejusdem
1003 916 1303 970 operationis,
1327 925 1416 968 per
1447 909 1567 968 qnod
1593 924 1689 968 spe-

258 994 409 1036 culum
444 992 618 1035 Paulus
647 1000 693 1034 et
725 993 913 1042 Petrus,
952 1004 1197 1047 eorumque
1235 991 1406 1032 similes
1445 989 1596 1032 Deum
1631 992 1691 1030 ve·-

261 1069 370 1113 dent
410 1067 627 1112 dicentis:
675 1069 855 1125 ,‚Qui³)
894 1069 1002 1110 vidit
1042 1085 1132 1118 me,
1176 1068 1282 1108 vidit
1321 1068 1492 1108 Patrem
1534 1083 1692 1117 meum,

262 1148 334 1206 qui
366 1148 480 1189 misit
510 1154 621 1188 me.“
682 1147 715 1187 I.
747 1148 845 1187 Non
888 1159 995 1188 esset
1034 1147 1291 1200 ignoscenda
1323 1144 1521 1197 origenis
1554 1144 1693 1199 culpa,

261 1226 296 1268 si
330 1242 391 1276 ea,
421 1241 526 1282 quae
557 1223 695 1265 Filius
726 1240 748 1264 a
781 1223 905 1265 Patre
937 1225 1115 1281 accepit,
1149 1240 1244 1265 cum
1272 1223 1335 1271 iis,
1368 1238 1473 1278 quae
1492 1238 1556 1262 res
1581 1237 1695 1261 crea-

261 1315 328 1344 tae
360 1320 382 1344 a
412 1303 531 1344 Filio
564 1312 843 1356 acceperunt,
885 1312 956 1341 aut
994 1303 1173 1342 modum
1204 1299 1441 1356 accipiendi
1475 1315 1696 1354 compara·
1752 1331 1759 1342 .

261 1392 339 1423 ret.
399 1382 456 1420 At
486 1378 577 1434 ipse
611 1377 796 1418 declarat
826 1377 1002 1429 Filium,
1034 1377 1069 1418 si
1099 1389 1314 1434 spectetur
1339 1376 1528 1426 essentia,
1562 1375 1696 1428 digni-

261 1471 349 1509 tas,
386 1468 597 1514 potestas,
637 1454 858 1506 divinitas,
899 1456 1047 1497 creatis
1077 1457 1203 1496 rebus
1234 1456 1300 1496 vel
1334 1453 1696 1496 excellentissimis

262 1537 321 1578 ita
349 1547 576 1593 praestare,
606 1545 653 1575 ut
685 1533 729 1574 id
761 1533 901 1575 verbis
933 1533 1111 1590 exprimi
1140 1549 1229 1575 non
1258 1532 1405 1590 possit.
1465 1533 1520 1574 ΙΙ.
1551 1532 1697 1574 Refel-

264 1614 314 1655 lit
355 1613 561 1667 Origenes
610 1611 876 1668 impietatem
914 1611 1217 1662 Heracleonis‚
1270 1609 1343 1667 qui
1382 1611 1605 1650 adorantes
1652 1609 1695 1650 in

265 1691 416 1748 spiritu
449 1703 489 1732 et
517 1689 694 1732 veritate
727 1689 919 1740 dicebat,
959 1689 1122 1731 etiamsi
1163 1689 1207 1730 in
1247 1688 1360 1729 vitiis
1401 1688 1605 1739 volutati,
1647 1699 1695 1729 ut

266 1768 422 1809 mulier
462 1767 749 1818 Samaritana,
785 1766 966 1817 fuerint,
1007 1764 1209 1823 ejusdem
1259 1772 1464 1808 naturae
1508 1778 1602 1808 esse
1641 1778 1699 1808 ac

267 1847 476 1896 Patrem,
507 1848 583 1899 τῆς
611 1844 749 1899 αὐτῆς
779 1843 960 1903 φύσεως
989 1847 1050 1901 τῷ
1073 1849 1225 1906 πᾳτρί,
1255 1850 1302 1886 et
1327 1845 1698 1887 consubstantia-

270 1924 333 1966 les
362 1926 604 1980 ingenitae
642 1926 690 1966 ei
726 1920 1021 1966 beataeksimae
1060 1930 1291 1977 naturae,
1335 1920 1610 1980 ὁμοουσίους
1646 1922 1696 1982 τῇ

273 1999 511 2059 ἀγεννήτῳ
542 1998 675 2058 (μ’-σει
708 2003 785 2042 καὶ
815 2004 1140 2058 παμμακαρίᾳ.
1199 2001 1298 2042 Non
1340 1998 1560 2053 ignorabat
1599 1997 1699 2040 Ori·

270 2094 394 2132 genes
424 2077 683 2128 haereticos,
713 2078 813 2119 dum
845 2078 947 2119 haec
979 2077 1202 2128 effutiunt,
1232 2092 1320 2118 non
1349 2076 1467 2118 Patri
1496 2075 1592 2126 soli,
1622 2075 1697 2117 sed

270 2168 313 2197 et
352 2154 470 2196 Filio
509 2166 550 2195 et
589 2155 769 2211 Spiritui
807 2168 951 2197 sancto
995 2154 1369 2196 consubstantiales
1409 2169 1453 2194 se
1495 2169 1582 2194 esse
1623 2168 1699 2193 vo-

269 2232 413 2274 luisse.
473 2230 616 2286 Quare
655 2231 698 2272 in
736 2231 962 2272 incusanda
1006 2248 1155 2273 eorum
1195 2230 1413 2288 impietate
1444 2246 1530 2271 non
1561 2230 1698 2272 Patris

270 2311 438 2359 solum,
477 2310 552 2350 sed
591 2321 631 2350 et
670 2307 776 2350 Filii
816 2320 855 2348 et
894 2308 1078 2364 Spiritus
1116 2308 1248 2350 sancti
1279 2308 1457 2362 gloriam
1490 2308 1696 2349 defendit.

271 2390 351 2430 ΙΙΙ.
398 2387 444 2430 Si
487 2387 649 2428 Filium
698 2384 816 2428 Patri
864 2386 1265 2428 consubstantialem
1309 2402 1398 2427 non
1447 2385 1695 2427 credidisset

273 2465 501 2518 Origenes,
542 2480 629 2505 non
667 2462 1017 2521 praetermisisset
1046 2464 1150 2505 hanc
1184 2465 1453 2506 occasionem
1483 2463 1697 2520 opinionis

271 2559 368 2584 suae
401 2541 675 2583 declarandae
717 2553 759 2583 et
800 2540 1034 2583 haereticos
1076 2543 1297 2598 culpandi,
1336 2543 1476 2599 quod,
1517 2558 1613 2583 cum
1642 2556 1695 2582 ne

393 2712 433 2768 ¹)
466 2711 553 2753 cfr.
586 2712 651 2752 ed.
681 2723 811 2752 nostr.
844 2710 970 2752 Tom.
1003 2711 1054 2753 Il.
1087 2727 1178 2768 pag.
1208 2710 1276 2754 46.

390 2782 433 2837 ²)
465 2783 562 2838 Sap.
596 2782 679 2823 Sal.
712 2783 803 2832 Vll,
837 2781 905 2828 25.
937 2780 1004 2824 26.

388 2854 431 2907 ³)
462 2853 538 2894 Ev.
569 2854 718 2894 Joann.
750 2853 849 2902 Xll,
880 2854 946 2895 45.
