1759 3125
476 109 865 149 OmGEmANORUM
895 106 1037 147 LIBER
1059 108 1111 147 Π.
1410 107 1494 152 339

71 222 263 263 tinaciter
293 219 610 271 adhaerentem,
654 233 740 258 non
773 217 888 273 quasi
922 216 1182 273 conjecturas
1216 216 1363 257 timide
1392 232 1492 272 pro-

71 309 311 354 ponentem,
341 295 522 336 traducit
553 305 595 334 et
626 293 830 346 suggillat.
900 293 1019 334 Nihil
1051 292 1151 333 licet
1180 293 1286 333 salso
1320 292 1401 348 ipsi
1430 295 1490 334 af-

68 377 211 426 fingat,
256 389 352 413 cum
391 373 447 412 ait
489 371 695 412 censuisse
735 387 831 411 eum
861 371 1031 422 angelos
1065 386 1142 426 pro
1175 370 1258 411 suis
1290 370 1488 426 peccatis,

67 468 161 491 cum
190 449 306 506 prius
343 461 503 489 mentes
538 460 686 496 essent,
717 448 888 500 angelos
920 458 960 487 et
991 447 1259 498 archangelos
1293 447 1489 500 evasisse;

66 526 362 582 leviorumque
389 528 607 581 culparum
636 541 732 566 reos
763 525 805 565 in
838 540 923 575 eos,
955 524 1027 579 qui
1057 524 1248 576 graviora
1281 525 1487 577 designas-

62 615 155 643 sent
186 603 373 652 crimina,
403 602 631 658 imperium
653 601 885 657 accepisse3
914 601 1174 656 tutelamque
1205 600 1304 656 ipsis
1338 617 1485 641 eorum

62 679 284 721 hominum
313 680 533 730 traditam,
576 680 647 736 qui
689 680 741 720 ad
780 679 956 719 salutem
998 689 1208 718 aeternam
1240 690 1357 718 erant
1385 694 1485 733 pro-

61 757 285 809 movendi;
325 774 420 798 cum
450 757 531 812 ipsi
560 769 699 797 tamen
730 756 908 797 salutem
938 754 1018 796 sibi
1048 754 1306 811 promereri,
1358 766 1399 795 et
1431 756 1483 796 ad

60 834 284 889 pristinum
315 836 486 887 gradum
518 834 855 890 recuperandum
875 833 1079 873 deberent
1110 831 1224 882 eniti,
1257 831 1480 888 eidemque

58 910 221 967 judicio
253 928 299 952 ac
329 912 520 952 homines
553 927 674 953 curae
705 927 801 952 suae
835 909 1050 951 commissi
1084 921 1218 950 essent
1250 909 1352 950 olim
1386 911 1482 950 sub-

59 987 244 1044 jiciendi.
303 989 521 1030 Habentur
561 988 775 1044 Antipatri
803 986 925 1045 hujus
956 988 1186 1039 fragmenta
1216 987 1326 1027 inter
1353 987 1482 1027 Eclo-

59 1081 127 1118 gas
157 1065 332 1106 Joannis
372 1066 647 1116 Damasceni,
693 1081 798 1122 quae
836 1081 963 1105 manu
1005 1064 1185 1119 scriptae
1219 1075 1480 1104 asservantur

59 1142 100 1182 in
131 1143 399 1184 Bibliotheca
430 1143 760 1184 Claromontana
788 1142 961 1183 Patrum
1001 1140 1223 1182 societatis
1265 1140 1388 1190 Jesu,
1440 1152 1481 1181 et

60 1237 236 1276 quarum
268 1231 459 1276 excerpta
488 1221 542 1261 ad
568 1236 637 1261 me
670 1219 859 1260 officiose
900 1217 1128 1260 transmisit
1160 1218 1477 1267 eruditissimus,

58 1309 100 1337 et
129 1297 450 1338 humanissimus
485 1297 661 1338 Gabriel
692 1296 940 1338 cossartius.

168 1375 367 1415 XXXIV.
427 1375 517 1415 Nec
547 1374 657 1415 vitae
688 1373 810 1431 hujus
839 1374 1030 1415 mortalis
1061 1373 1213 1413 finibus
1229 1373 1476 1424 angelorum

56 1450 336 1492 ministerium
375 1451 617 1493 hominibus
655 1453 952 1508 praestandum
990 1450 1263 1492 Adamantius
1297 1455 1475 1499 coercet,

56 1529 130 1568 scd
162 1541 362 1584 prorogat
393 1529 518 1570 etiam
549 1531 600 1570 ad
632 1545 704 1581 ea,
745 1545 849 1585 quae
881 1529 1137 1569 antecedunt
1164 1527 1386 1567 hominnm
1417 1527 1477 1566 vi-

55 1618 155 1655 tam,
187 1622 378 1662 quaeque
409 1606 543 1663 ipsam
574 1607 799 1663 excipiunt.
860 1607 967 1647 Nam
999 1606 1245 1657 angelorum
1278 1621 1360 1660 ope
1391 1604 1477 1644 ani·

55 1700 142 1724 mas
172 1683 393 1724 hominum
422 1683 597 1725 immitti
628 1683 892 1740 corporibus,
924 1699 1074 1739 easque
1107 1699 1287 1738 corpore
1318 1684 1475 1723 solutas

56 1761 213 1817 suscipi
245 1762 296 1802 ab
326 1761 450 1816 ipsis,
490 1761 580 1802 sisti
609 1761 652 1802 in
681 1761 909 1818 judicium,
948 1761 989 1801 in
1022 1760 1273 1801 destinatum
1304 1760 1475 1799 demum

56 1842 200 1879 locum
232 1839 407 1888 deduci,
447 1850 487 1879 et
525 1855 611 1878 non
641 1838 763 1878 aliter
793 1838 902 1891 regi,
944 1853 1066 1894 quam
1100 1854 1194 1878 cum
1226 1838 1475 1892 corporibus

55 1917 239 1968 illigatae
271 1927 428 1968 essent,
470 1915 687 1971 conceptis
725 1914 860 1955 verbis
891 1914 1124 1957 affirmavit.
1190 1914 1316 1956 Certe
1348 1915 1476 1956 Com-

54 1992 360 2034 mentariorum
390 1993 433 2033 in
462 1991 614 2033 Joann.
648 1992 790 2033 Tomo
814 1992 931 2032 Xlll.
963 2008 1078 2033 num,
1109 1991 1191 2044 49„
1222 1993 1390 2045 angelos
1422 1993 1475 2033 ad

53 2071 274 2111 hominum
303 2082 412 2111 satus
444 2086 467 2110 a
495 2070 591 2110 Deo
626 2069 840 2111 ordinatos
871 2085 958 2110 esse
981 2069 1097 2120 dicit,
1133 2085 1314 2125 quorum
1345 2085 1475 2125 opera

54 2166 206 2205 corpus
239 2160 280 2190 et
304 2148 441 2189 anima
480 2147 523 2188 in
563 2164 694 2188 unum
727 2147 975 2189 coalescant.
1037 2146 1169 2201 Quod
1200 2158 1340 2188 autem
1373 2164 1473 2187 con-

52 2238 116 2266 tra
146 2225 275 2283 objici
304 2237 466 2281 potest,
515 2225 707 2266 manibus
754 2225 840 2266 Dei
879 2225 1026 2265 fictum
1073 2241 1115 2265 se
1161 2234 1202 2264 et
1242 2224 1471 2264 formatum

55 2318 278 2356 agnoscere
309 2303 520 2343 Davidem
549 2303 704 2344 Psalm.
738 2303 891 2353 CXIX,
923 2302 1006 2353 73.‚
1038 2313 1079 2343 et
1108 2300 1338 2342 Jeremiam
1367 2302 1401 2351 I,
1432 2302 1470 2343 5.

53 2382 98 2421 id
127 2381 184 2421 ita
215 2380 357 2431 solvit,
390 2381 583 2421 conditos
616 2380 787 2437 quidem
808 2380 906 2420 illos
937 2396 961 2421 a
980 2380 1092 2429 Deo,
1121 2379 1195 2419 sed
1225 2379 1471 2430 angelorum

51 2457 287 2498 ministerio
322 2469 362 2498 et
394 2472 497 2512 ope3
529 2459 891 2513 quemadmodum
921 2458 984 2497 lex
1009 2455 1162 2496 dicitur
1186 2455 1376 2497 ordinata
1395 2472 1472 2512 per

54 2535 238 2590 angelos,
270 2533 371 2575 licet
403 2546 619 2575 auctorem
647 2536 791 2576 Deum
820 2537 984 2576 habeat.
1044 2533 1161 2573 Hanc
1194 2549 1363 2589 quoque
1396 2535 1472 2573 ob-

54 2612 170 2652 ducit
198 2612 539 2668 responsionem3
577 2629 681 2668 quos
720 2613 799 2654 sibi
828 2613 946 2653 Deus
991 2610 1262 2666 peculiariter
1293 2610 1472 2652 destina-

57 2688 128 2737 vit,
157 2690 316 2729 Jobum
347 2701 471 2745 puta,
519 2690 749 2740 Davidem,
796 2702 836 2731 et
877 2688 1128 2738 Jcremiam‚
1178 2705 1200 2729 a
1239 2688 1335 2729 Deo
1377 2688 1469 2743 ipso

56 2765 183 2806 fuisse
213 2767 371 2819 factos;
410 2767 596 2823 reliquos
637 2783 736 2808 vero
780 2769 830 2808 ab
869 2766 921 2807 iis
951 2765 1129 2819 angelis,
1179 2765 1327 2821 quibus
1360 2776 1472 2804 sorte

56 2843 304 2897 obtigerunt.
369 2844 467 2898 Quo
499 2844 647 2887 referri
678 2843 794 2901 jubet
824 2844 933 2885 illud
963 2844 1068 2885 Gen.
1101 2845 1146 2892 l,
1176 2842 1241 2885 26.
1303 2841 1475 2892 „Facia-

1009 2921 1063 2964 22
1082 2921 1108 2947 ’κ’
