1759 3125
452 111 840 152 OfflGENmNoRUM
870 111 1010 152 Luam
1031 112 1065 150 Ι.
1410 118 1464 160 97

51 225 202 273 serior;
250 238 408 262 summa
448 222 558 277 apud
589 228 787 276 proceres
817 222 968 274 gratia,
1011 239 1086 278 par
1118 226 1229 279 apud
1263 229 1459 270 ecclesiae

49 300 260 357 principes
290 298 527 339 auctoritas.
587 299 747 337 Verum
780 298 959 350 egregias
992 300 1057 339 vel
1101 316 1123 340 a
1153 313 1297 342 natura
1332 305 1461 345 colla-

49 390 120 424 tas,
161 377 224 416 vel
266 386 523 430 comparat-ns
563 376 613 414 ab
655 387 741 415 arte
782 376 901 415 dotes
944 377 1220 418 obscurabant
1260 397 1460 437 praeceps

50 453 219 509 quidam
251 453 378 492 animi
411 453 545 500 calor,
575 467 713 507 neque
743 451 840 491 satis
874 453 1134 499 considerata
1164 471 1377 497 sacrarum
1409 459 1459 498 li-

47 543 226 571 terarum
257 529 472 578 tractatio,
518 541 557 569 et
589 545 724 583 prope
755 528 1023 569 temerarium
1062 533 1381 575 reconditorum
1413 552 1458 576 ac

45 623 167 661 supra
197 606 346 647 mentis
387 606 589 646 humanae
632 616 798 659 captum
838 605 1074 660 positorum
1114 608 1198 649 Dei
1238 613 1459 667 mysterio-

45 701 135 725 rum
177 683 400 724 evolvendi
438 683 642 732 studium3
693 682 842 737 quibus
897 682 1006 724 vitiis
1054 697 1195 740 partae
1234 687 1458 729 virtutibus

5 788 10 793 -
45 761 124 802 suis
166 759 246 815 jam
287 772 380 800 ante
419 759 600 799 invidiae
644 775 825 798 caussam
876 759 917 799 in
955 776 998 800 se
1039 764 1288 818 erumpendi
1329 766 1457 807 dedit.

43 837 204 879 Exarsit
233 839 273 877 in
307 854 401 877 eum
432 848 520 876 tota
550 852 658 891 pene
690 836 885 877 ecclesia:
919 838 1137 879 calumniis
1164 852 1342 891 vexatus,
1374 860 1459 883 sna-

44 915 208 956 ledictis
241 914 438 962 confixus,
468 912 696 968 proscissus
736 913 923 968 scriptis,
962 931 1182 970 percussus
1221 919 1459 961 anathema·

44 993 108 1040 tiz,
138 994 188 1032 ab
221 990 395 1031 ecclesia
424 1001 659 1041 segregatus
699 989 934 1030 multorum
977 992 1278 1048 episcoporum
1308 998 1458 1038 suffra-

43 1070 130 1121 giis,
159 1067 293 1123 patria
324 1066 503 1122 denique
533 1065 624 1121 ipsa
654 1064 839 1121 dejectus
876 1078 947 1115 est,
981 1067 1108 1108 homo
1140 1071 1252 1112 mitis
1284 1085 1325 1113 et
1349 1073 1458 1132 inju-

43 1146 125 1187 riae
157 1156 435 1200 opportunus,
465 1155 512 1183 ut
542 1160 624 1183 non
657 1141 780 1181 facile
812 1143 1035 1184 existimari
1066 1148 1220 1200 possit,
1252 1150 1457 1206 majorine

46 1222 264 1263 bominum
295 1220 485 1260 floruerit
515 1220 664 1271 gratia,
704 1235 755 1259 an
797 1219 897 1260 odio
939 1222 1184 1274 flagraverit.
1257 1226 1458 1284 Quisquis

44 1312 180 1341 tamen
213 1315 259 1338 ex
292 1299 465 1338 veritate
496 1314 584 1337 rem
616 1297 880 1351 spectaverit,
912 1299 1111 1340 fatebitur
1142 1302 1272 1343 dubio
1292 1306 1456 1358 procul,

44 1379 165 1429 longe
195 1375 387 1431 pluribus
418 1391 513 1414 eum
544 1373 768 1413 virtutibus
797 1374 990 1415 enituisse.
1024 1393 1146 1432 quam
1182 1379 1316 1428 vitiis,
1351 1398 1456 1436 quae

42 1466 236 1509 tanquam
266 1443 546 1506 naevi-aliqui
577 1451 729 1491 eximio
762 1452 946 1506 corpori,
976 1452 1033 1493 sic
1065 1454 1203 1493 animo
1237 1458 1455 1499 excellenti

42 1532 326 1571 adhaeserunt.
352 1529 389 1584 ¹)

156 1607 226 1647 ΙΧ.
288 1605 515 1660 Sepultura
532 1605 573 1660 2)
606 1605 782 1645 affectus
815 1617 876 1645 est
907 1605 1028 1662 Tyri3
1071 1607 1185 1664 cujus
1203 1609 1244 1665 3)
1275 1612 1455 1666 sepulcri

164 1852 202 1906 ¹)
233 1850 290 1890 Ut
319 1849 479 1905 aliquid
511 1850 561 1890 de
603 1848 798 1890 exteriori
840 1849 1032 1900 Origeuis
1072 1848 1216 1890 habitu
1255 1852 1454 1903 dicamus,

49 1908 438 1963 corporebrevem
484 1923 580 1946 eum
626 1906 753 1946 fuisse
803 1905 999 1946 discimus
1041 1923 1087 1946 ex
1125 1906 1340 1959 Eusebio,
1383 1912 1455 1965 qui

45 1966 151 2006 Hist.
183 1964 254 2003 lib.
287 1963 359 2004 VI.
392 1979 480 2017 cap.
512 1962 577 2006 39.
620 1963 798 2018 loquens
838 1963 889 2001 de
926 1979 1077 2011 nervo,
1117 1962 1159 2001 in
1199 1979 1283 2018 quo
1324 1968 1454 2020 pedes

48 2021 133 2078 ejus
164 2021 240 2060 sub
270 2018 395 2059 Decii
425 2019 718 2073 persecutione
751 2019 983 2058 multorum
1023 2019 1188 2058 dierum
1227 2022 1361 2075 spatio
1395 2023 1457 2063 di-

47 2077 169 2118 stenti
207 2077 396 2125 fuerunt,
446 2076 498 2115 ad
547 2087 731 2130 quatuor
774 2090 906 2129 usque
944 2075 1200 2130 foraminum
1237 2077 1457 2120 interstitia

47 2146 258 2174 extensum
289 2148 384 2171 eum
414 2131 541 2172 fuisse
571 2130 728 2172 scribit.
786 2130 1001 2172 Plurimos
1032 2131 1142 2173 enim
1173 2145 1374 2190 martyres
1403 2137 1457 2177 ad

0 2208 6 2214 ·
47 2190 237 2245 quintum
276 2204 408 2243 usque
446 2189 636 2228 foramen
675 2187 878 2228 distentos
927 2187 1054 2228 fuisse
1105 2188 1233 2228 docet
1269 2189 1454 2235 historia.

47 2247 211 2287 Deinde
251 2245 341 2300 ipse
374 2244 574 2296 Origenes
614 2244 657 2284 in
702 2245 881 2299 epistola
919 2245 971 2284 ad
1010 2246 1242 2300 quendam,
1288 2259 1456 2288 nostrae

49 2304 111 2343 ed.
142 2303 292 2358 prima,
321 2300 394 2340 ubi
424 2300 638 2354 Ambrosii
669 2303 864 2341 ardorem
905 2316 998 2353 erga
1038 2317 1172 2341 sacras
1213 2301 1353 2342 literas
1385 2305 1456 2344 de-

48 2359 202 2408 scribit,
232 2358 291 2398 ait
320 2369 459 2412 neque
488 2370 518 2398 a
551 2370 692 2398 coena
721 2354 984 2408 ambulare,
1025 2365 1110 2398 aut
1140 2360 1456 2413 corpusculmu,

49 2416 117 2470 (τὸ
156 2412 407 2469 σωμάτιον,
461 2415 819 2469 quemadmodum
868 2413 968 2465 legit
1008 2413 1182 2470 suidas)
1229 2414 1457 2458 relaxare

42 2471 119 2512 sibi
150 2471 250 2513 dari.
279 2471 329 2511 R.

48 2597 80 2639 C
116 2598 140 2638 d
160 2541 319 2640 ²3³8]st
345 2540 590 2598 Hieronym.
618 2539 748 2581 Catal.
770 2539 846 2580 vir.
872 2539 1021 2581 illustr.
1055 2554 1145 2595 cap.
1163 2539 1229 2582 54.
1257 2566 1306 2573 —
1329 2541 1453 2584 Phot,

85 2614 109 2637 o
146 2629 154 2637 .
271 2630 278 2638 .

164 2667 207 2717 3)
238 2668 285 2706 Id
331 2666 475 2707 scribit
517 2665 753 2706 Halloixius
789 2677 922 2706 notar.
977 2665 1019 2706 in
1076 2664 1272 2716 Origenis
1323 2666 1448 2707 vitam

49 2739 140 2777 pag.
172 2723 239 2764 41.
268 2723 354 2771 42.,
401 2721 598 2777 et·hujus
648 2733 774 2762 testes
818 2723 983 2776 profert
1029 2721 1232 2762 Guilelm.
1281 2722 1455 2778 Tyrium

51 2779 209 2819 Histor.
240 2795 375 2818 sacrae
406 2779 478 2818 lib.
509 2779 640 2827 xm,
673 2778 881 2819 Jacobum
912 2795 932 2818 a
964 2777 1154 2818 Vitriaeo
1188 2777 1455 2819 Cardinalem

50 2836 91 2875 in
124 2834 278 2874 Histor.
318 2850 389 2874 sua
417 2834 722 2891 Hiemsolym„
760 2835 1052 2875 Borchardum
1090 2833 1132 2872 in
1172 2833 1454 2887 descriptione

55 2911 273 2953 Oizffimus
298 2910 468 2951 OPERA.
500 2910 620 2951 ΤοΜ.
637 2910 777 2950 XXII.
1132 2907 1157 2947 7
