1759 3125
619 93 859 136 ExcURsus
891 95 960 136 VI.
1416 90 1500 134 405

87 207 312 257 contendo,
343 206 455 246 idem
484 216 623 246 tamen
654 207 821 247 fatebor
852 222 948 246 eum
978 205 1021 246 in
1061 203 1252 260 operosis
1283 201 1497 259 quaestio-

83 282 230 335 nibus,
262 295 302 323 et
330 282 501 323 minutis
530 281 922 324 ratiocinationibus
950 281 1062 338 justo
1095 280 1362 322 disertiorem
1394 295 1497 330 esse,

81 375 128 399 ac
161 376 207 401 ea
235 370 438 411 statuere,
485 375 612 414 quae,
661 359 696 400 si
733 360 851 401 nulla
887 358 1189 412 restringantur
1233 355 1497 412 exceptione,

80 452 159 476 nec
198 453 292 476 cum
330 436 548 491 precibus,
599 452 699 492 quas
741 435 945 489 Origenes
987 451 1035 476 ex
1077 435 1296 490 Scriptura
1329 430 1500 489 repetit,

81 528 160 552 nec
192 529 286 553 cum
319 513 402 555 illis
436 513 654 555 conciliari
683 525 907 569 poterunt,
947 528 1053 569 quae
1093 511 1136 552 in
1165 511 1267 567 ipsis
1297 509 1517 552 ecclesiae,

81 587 328 644 primordiis
366 607 454 631 non
493 607 706 646 nunquam
751 590 804 631 ad
851 588 1014 630 Filium
1058 586 1367 640 dirigebantur3
1408 585 1501 628 imo,

81 681 160 706 nec
200 683 295 707 cum
333 666 434 722 ipsis
465 667 660 720 Origenis
689 666 934 723 principiis,
974 682 1022 706 ex
1054 665 1206 721 quibus
1235 673 1497 720 sequeretur,

81 742 191 797 ipsas
214 743 337 784 etiam
358 745 683 795 obsecrationes,
712 743 1035 800 postulationeS,
1058 755 1099 784 et
1115 741 1343 795 gratiarum
1362 738 1499 780 actio-

79 835 174 869 nes,
225 838 324 877 quas
363 821 479 862 Filio
512 821 657 862 deberi
700 822 875 871 fatetur,
933 820 1086 861 eodem
1116 819 1247 860 modo
1280 815 1500 864 instimem

81 896 152 937 das
184 913 270 938 esse
299 915 347 939 ac
378 897 510 954 ipsam
540 898 846 954 precationem.

197 975 428 1016 Molestum
472 977 584 1017 forte
632 976 868 1026 videbitur,
909 973 1025 1030 quod
1061 972 1124 1012 his
1169 969 1502 1014 Deuteronomii

84 1051 222 1092 verbis
240 1068 478 1104 occurrens,
511 1069 615 1109 quae
632 1052 711 1093 sibi
735 1052 952 1109 objectum
973 1050 1025 1090 iri
1048 1047 1324 1104 providebat:
1356 1046 1505 1097 „Ado-

84 1139 179 1168 rent
199 1130 235 1183 ¹)
268 1145 363 1169 eum
395 1146 540 1170 omnes
570 1129 706 1182 angeli
727 1129 875 1169 Dei:“
906 1125 1021 1168 idem
1051 1126 1103 1167 de
1135 1123 1313 1165 ecelesia
1343 1122 1504 1163 dictum

86 1221 174 1245 esse
203 1207 480 1261 respondeat:
529 1206 584 1249 Si
609 1209 728 1262 quis,
759 1205 918 1261 inquit,
963 1204 1240 1247 existimans
1266 1201 1506 1258 precatio-

85 1293 189 1322 nem
219 1283 308 1337 ipsi
333 1282 450 1324 Filio
467 1281 772 1337 fundendam
802 1295 918 1334 esse,
950 1294 1006 1322 ac
1035 1280 1260 1321 reveritus
1291 1275 1360 1329 id,
1391 1273 1510 1331 quod

86 1371 149 1400 ex
179 1357 452 1402 adoratione
481 1363 786 1416 consequitur,
818 1359 1007 1415 objiciat
1037 1357 1166 1397 nobis
1195 1351 1331 1397 illud:
1359 1353 1507 1403 „Ado-

85 1436 235 1491 rent2)
278 1454 373 1477 eum
414 1454 560 1478 omnes
599 1437 737 1491 angeli
775 1436 920 1477 Dei:“
961 1430 1082 1490 quod
1114 1435 1211 1474 sine
1244 1438 1507 1473 controver-

87 1515 160 1554 siu
187 1514 235 1554 in
266 1514 626 1556 Deuteronomio
660 1512 715 1555 de
738 1512 919 1556 Christo
941 1509 1116 1553 dictum
1143 1515 1233 1554 est:
1264 1504 1508 1554 dicendum

90 1590 164 1632 illi
188 1597 255 1633 est
286 1594 535 1642 ecclesium,
567 1604 681 1647 quae
708 1589 968 1635 Jerusalem
999 1601 1029 1630 a
1045 1586 1275 1644 propheta
1290 1585 1509 1626 nomina-

92 1675 184 1719 tur,
217 1666 415 1710 adorari
442 1682 472 1710 a
500 1670 689 1726 regibus
718 1675 764 1709 et
793 1667 972 1723 reginis
1004 1662 1261 1708 nutricibus
1277 1662 1434 1718 factis
1464 1666 1509 1702 et

93 1747 324 1796 nutritiis,
364 1752 416 1786 ut
448 1753 585 1802 patet
623 1759 684 1789 ex
726 1744 795 1787 leis
825 1741 993 1786 verbis:
1036 1741 1245 1796 ‚,Ecce‚³)
1277 1740 1427 1780 levabo
1458 1738 1510 1778 ad

94 1834 237 1875 gentes
268 1839 437 1863 manum
468 1839 689 1864 meam....
748 1822 886 1863 Erunt
923 1836 1040 1873 reges
1078 1818 1241 1860 nutritii
1270 1815 1346 1866 tui,
1378 1827 1420 1856 et
1448 1831 1513 1854 re-

95 1899 214 1952 ginae
244 1905 428 1940 nutrices
468 1911 586 1941 tuae:
626 1899 747 1939 vultu
786 1898 828 1939 in
866 1909 1021 1938 terram
1061 1894 1243 1937 demisso
1280 1893 1515 1934 adorabunt

96 1982 180 2026 te,“
210 1987 289 2018 etc.
351 1976 459 2017 Cum
490 1977 636 2018 eadem
667 1976 720 2017 sit
749 1975 949 2032 precandi
981 1986 1022 2015 et
1051 1971 1257 2014 adorandi
1283 1970 1406 2020 ratio,
1435 1968 1515 2009 ιιιί-

98 2053 212 2094 nime
241 2053 421 2103 mirum,
459 2054 492 2094 si
524 2053 749 2106 Origenes,
782 2053 852 2109 qui
884 2068 1029 2108 preces
1059 2051 1112 2091 ad
1141 2050 1338 2097 Patrem,
1384 2057 1433 2086 ut
1463 2046 1516 2086 ad

99 2132 261 2172 sontem
295 2130 546 2182 divinitatis,
578 2131 814 2184 dirigendas
845 2131 993 2182 docet,
1031 2127 1146 2168 idem
1184 2126 1236 2166 de
1267 2122 1516 2165 adoratione

99 2219 262 2249 statuat.
332 2207 522 2248 Dubium
563 2225 648 2250 esse
693 2226 779 2250 non
821 2219 965 2265 potest
1005 2223 1053 2247 ex
1090 2201 1343 2245 testimoniis
1383 2201 1514 2241 modo

101 2285 250 2335 allatis,
280 2285 379 2341 quin
400 2284 609 2327 Christum
630 2303 725 2327 cum
747 2287 884 2336 Patre,
901 2297 949 2326 ut
967 2301 1114 2326 verum
1132 2280 1293 2323 Filium
1319 2291 1361 2319 et
1381 2295 1513 2319 uuum

105 2380 199 2404 cum
231 2363 354 2403 Patre
384 2362 526 2404 Deum
564 2363 730 2404 adorari
770 2364 933 2405 doceat.
1003 2360 1135 2415 Quod
1175 2357 1214 2398 si
1249 2372 1340 2397 eam
1370 2354 1516 2397 distin-

106 2440 291 2481 ctionem
322 2438 540 2489 adhibeat,
578 2452 625 2481 ut
665 2440 854 2496 quamvis
892 2440 1018 2480 Pater
1057 2448 1098 2476 et
1135 2434 1295 2484 Filius,
1333 2445 1381 2474 ut
1408 2450 1515 2474 unus

105 2518 236 2566 Deus,
268 2516 392 2557 simul
423 2517 663 2568 adorentur,
693 2516 883 2559 adoratio
914 2526 1052 2555 tamen
1084 2511 1212 2563 Patri,
1238 2522 1286 2551 ut
1315 2509 1424 2551 fonti
1455 2510 1520 2552 di·

108 2593 313 2645 vinitatis,
361 2593 477 2634 Filio
516 2606 562 2634 ut
597 2596 693 2636 Deo
734 2611 781 2637 ex
821 2594 916 2635 Deo
959 2591 1192 2632 deferatur:
1240 2589 1365 2642 longe
1396 2586 1520 2630 distat

231 2755 271 2809 1)
301 2755 431 2797 Dent.
461 2756 643 2805 xxxii,
673 2755 738 2800 43.
857 2754 901 2810 2)
931 2754 1057 2796 Dent.
1089 2750 1267 2805 xxxn,
1298 2748 1363 2793 43.

231 2825 276 2881 ³)
307 2824 396 2868 cfr.
427 2826 549 2870 sesai.
580 2826 732 2879 xmx,
761 2825 829 2872 22.
860 2824 928 2871 23.
