1759 3125
281 92 365 138 212
700 89 839 130 Pam
870 89 1084 132 DAMEus
1122 90 1284 132 HUETn

284 218 396 249 stum
427 203 470 243 in
500 202 589 242 sole
623 216 777 257 corpus
807 218 929 242 suum
946 193 1166 257 reliquisse
1184 203 1262 245 sibi
1279 203 1456 245 finxerit.
1503 202 1704 243 XXVIII.

285 284 441 325 Utrum
472 278 682 319 censuerit
722 278 935 320 Christum
974 278 1190 320 hominem
1231 297 1318 322 esse
1360 279 1551 329 desiisse,
1589 291 1706 335 post-

286 376 410 417 quam
442 369 635 398 mortuus
666 367 738 397 est.
798 356 961 396 XXIX.
996 354 1095 409 Quo
1136 372 1259 396 sensu
1300 357 1513 398 Christum
1555 355 1706 397 dixerit

286 437 410 479 etiam
442 450 554 476 nunc
585 433 726 486 lugere
760 444 933 488 peccata
962 443 1116 473 nostra.
1176 432 1314 475 XXX.
1345 433 1501 475 Utrum
1531 449 1707 486 regnum

646 509 803 552 Christi
835 509 1069 550 desiturum
1101 508 1343 550 crediderit.

396 627 430 668 I.
489 623 739 677 vulgatum,
783 633 823 663 et
866 621 909 662 in
940 622 1094 663 scholis
1123 633 1342 677 receptum
1371 622 1708 675 theologicarum

285 702 620 761 disputationum
652 699 847 741 ordinem
877 700 947 740 hic
987 699 1237 748 deserimus,
1278 711 1527 740 assectantes
1560 700 1709 752 Orige-

282 800 394 832 nem,
427 779 544 836 cujus
583 790 630 818 ut
660 779 882 818 abnormes
915 778 1086 818 suerunt
1123 776 1332 832 plurimae
1363 777 1415 818 de
1446 778 1571 817 rebus
1603 777 1710 817 divi-

1749 135 1759 154 ἱ

282 860 347 901 nis
377 855 624 905 sententiae,
653 854 710 895 ita
740 854 960 910 peculiari,
992 866 1033 896 et
1062 871 1084 895 a
1117 853 1327 895 consuetis
1344 853 1478 894 aliena
1500 853 1708 895 divisione
1748 907 1752 922 ι

282 934 523 979 tractandae
555 943 662 973 sunt.
722 932 770 971 In
802 931 1048 973 inferiorem
1081 946 1179 983 ergo
1212 931 1356 971 locum
1388 930 1568 988 rejectis,
1601 946 1708 987 quae

282 1016 334 1056 ad
365 1012 536 1064 angelos
568 1021 610 1050 et
641 1008 861 1065 opificium
891 1025 960 1049 sex
992 1009 1182 1058 dierum,
1221 1008 1386 1064 aliaque
1415 1008 1477 1049 his
1510 1008 1709 1064 deinceps

284 1088 479 1133 subnecti
507 1086 632 1128 solita
662 1086 890 1142 pertinent,
923 1085 1252 1142 quaestionibuS,
1286 1085 1480 1138 Origenis
1503 1087 1555 1127 de
1574 1086 1706 1127 Verbi

285 1162 631 1221 ἒνανθρωπήσει
664 1176 705 1204 et
727 1167 969 1219 οἰκονομίᾳ
999 1174 1316 1219 perscrutemur
1331 1163 1513 1214 decreta,
1543 1163 1706 1220 siquae
1756 1188 1759 1202 ‘z

282 1257 379 1288 sunt
409 1241 591 1284 obnoxia
620 1240 1042 1297 reprehensionibus,
1073 1251 1115 1280 et
1144 1238 1332 1280 animum
1361 1252 1539 1296 possunt
1570 1242 1709 1282 offen·
1756 1263 1759 1282 z

282 1325 382 1365 dere
424 1318 595 1360 lectoris
636 1317 876 1359 orthodoxi.
952 1319 1014 1357 Ac
1063 1327 1160 1356 sunt
1204 1328 1338 1368 certe,
1383 1333 1521 1373 neque
1559 1334 1706 1374 pauca,

281 1415 387 1457 quae
423 1398 475 1437 ab
516 1395 603 1453 ejus
644 1395 843 1435 ventilata
884 1405 925 1434 et
973 1393 1187 1433 confutata
1224 1394 1492 1444 adversariis,
1537 1407 1705 1437 aeterna

279 1474 445 1518 nomini
475 1472 563 1531 ejus
593 1471 784 1525 stigmata
814 1473 1124 1526 imposuerunt.

392 1553 448 1593 II.
508 1552 620 1591 Leve
650 1548 759 1589 illud
793 1559 853 1589 est
882 1563 984 1603 prae
1014 1546 1189 1602 reliquis
1219 1563 1319 1588 mox
1350 1550 1631 1604 exponendis,
1664 1562 1706 1591 et
1750 1582 1754 1590 .

277 1632 461 1688 aliquam
491 1629 650 1669 habens
689 1625 1023 1674 excusationem,
1065 1641 1151 1680 quo
1185 1624 1399 1666 Christum
1431 1626 1602 1677 docuit,
1633 1644 1704 1669 an-
1755 1662 1758 1666 Δ

275 1722 445 1765 tequam
475 1707 608 1747 homo
641 1704 783 1754 fieret,
822 1703 939 1744 Patri
978 1701 1308 1752 ministrantem,
1347 1703 1391 1743 in
1422 1703 1566 1755 Mose,
1605 1721 1706 1760 pro·
1748 1718 1759 1729 ¹¹

276 1785 438 1842 phetis,
480 1795 521 1824 et
561 1782 719 1835 angelis
758 1780 979 1821 hominum
1017 1780 1197 1820 salutem
1239 1781 1592 1836 promoventibus
1633 1784 1704 1824 ad·
1752 1813 1757 1823 .

277 1864 419 1914 fuisse,
451 1872 492 1902 et
523 1859 697 1916 quidem
717 1857 1069 1908 substantialiter,
1102 1870 1229 1913 atque
1260 1858 1318 1899 ita
1347 1875 1464 1899 suam
1496 1860 1704 1914 quodam·
1758 1891 1759 1894 η

275 1941 408 1980 modo
451 1942 722 1991 οἰκονομίαν
758 1936 988 1976 inchoasse.
1062 1935 1128 1975 En
1171 1934 1249 1975 tibi
1298 1934 1427 1990 ipsius
1479 1938 1606 1977 verba
1653 1926 1754 1979 ex„

274 2017 405 2057 Hom.
435 2015 550 2056 VIII.
582 2013 624 2053 in
656 2012 809 2053 Genes.
847 2029 964 2052 num.
993 2012 1033 2055 8.
1100 2010 1163 2052 Et
1204 2019 1362 2052 tamen
1403 2011 1700 2056 consideran·
1738 2044 1739 2048 ,

275 2091 384 2135 dum
414 2098 494 2139 est,
525 2093 631 2145 quia
662 2088 859 2144 angelus
890 2087 1003 2129 llaec
1032 2087 1246 2140 refertur
1276 2085 1341 2128 ad
1362 2087 1608 2133 Abraham
1639 2092 1701 2133 lo·
1746 2118 1747 2122 =

274 2178 426 2217 cutus,
463 2174 508 2209 et
553 2168 660 2221 quia
699 2168 746 2206 in
778 2161 1150 2220 consequentibus
1179 2162 1413 2207 evidenter
1451 2166 1524 2209 hic
1553 2181 1699 2225 ange-

273 2248 342 2289 lus
373 2245 598 2288 Dominus
628 2240 897 2283 ostenditur.
965 2239 1095 2284 Unde
1118 2248 1246 2297 put0,
1279 2241 1401 2298 quod
1424 2245 1543 2286 sicut
1572 2247 1698 2288 inter
1742 2247 1744 2250 ’

272 2337 352 2366 nos
384 2321 584 2363 homines
615 2317 776 2361 habitu
804 2325 1017 2374 repertus
1047 2325 1116 2360 est
1144 2326 1198 2360 ut
1229 2318 1374 2372 houm,
1405 2323 1476 2363 ita
1507 2329 1555 2364 et
1570 2325 1696 2365 inter

272 2400 464 2456 angelos
497 2394 658 2439 habitu
689 2403 757 2438 est
786 2403 998 2451 repertus
1028 2402 1081 2437 ut
1110 2396 1330 2451 angelus:
1362 2408 1403 2437 et
1434 2414 1481 2438 ex
1512 2400 1640 2442 Hom.
1662 2401 1692 2443 I.

271 2479 313 2520 in
344 2478 453 2518 illud
486 2475 631 2517 Isaiae:
664 2473 748 2525 „Et
771 2473 809 2530 ¹)
839 2489 980 2526 regem
1003 2473 1240 2514 Dominum
1261 2474 1447 2515 Sabaoth
1474 2475 1562 2516 vidi
1592 2495 1694 2518 ocu-

270 2555 320 2595 lis
349 2554 475 2594 meis·
509 2563 549 2592 et
579 2551 728 2592 missus
761 2563 822 2592 est
850 2552 903 2592 ad
934 2567 1001 2591 me
1039 2568 1145 2591 unus
1187 2552 1238 2591 de
1279 2552 1562 2607 Seraphim.“>
1590 2555 1693 2596 Non
1736 2595 1738 2598 ,

268 2640 334 2674 est
366 2643 495 2679 unus,
529 2629 666 2685 inquit
696 2645 809 2669 num.
843 2630 897 2677 5,
933 2629 1123 2670 Domini
1150 2631 1242 2670 mei
1265 2629 1374 2671 Jesu
1408 2629 1585 2673 Christi
1610 2631 1692 2673 ad·
1736 2630 1738 2634 ’

390 2826 427 2882 ¹)
458 2824 582 2867 Jesai.
617 2826 691 2875 Vl,
721 2824 758 2866 5.
792 2824 829 2866 6.
