1759 3125
477 108 870 149 ORIGENIANORUM
907 105 1050 147 LIBER
1082 107 1137 147 11.
1427 105 1508 150 165

89 222 329 263 bom‘tate‘s:
366 218 538 261 Filium
578 230 669 258 non.
698 230 791 259 esse
819 215 1006 269 bonum,
1043 215 1126 258 sed
1160 228 1330 258 auram
1360 230 1503 272 quan-

89 297 197 340 dam
225 304 271 338 et
302 297 555 351 imaginem
586 296 834 344 bom'tatz's,·
873 302 928 336 nt
957 306 1048 334 non
1080 291 1267 335 dicatur
1297 295 1503 337 absolute

89 373 240 427 bonus,
271 370 353 413 sed
380 386 479 414 cum
512 370 857 421 additamento,
888 371 1058 413 Pastor
1087 372 1251 422 bonus,
1284 381 1324 411 et
1355 381 1504 411 cetera.

85 454 332 507 Anonymus
364 466 533 506 quoque
565 451 678 506 apud
707 448 922 498 Photium‚
954 448 1061 489 Cod.
1095 447 1201 498 117.,
1233 458 1273 487 et
1301 447 1501 503 Pamphi-

85 529 150 568 lus
190 527 232 567 in
277 527 488 582 Apologia
527 543 714 568 errorem
753 527 863 566 hunc
904 525 1014 565 inter
1045 541 1116 565 eos
1147 536 1387 574 recensent,
1427 524 1500 580 qui

86 604 259 657 Origeni
291 603 421 660 objici
454 604 576 656 vulgo
608 604 725 644 soliti
755 614 861 644 sunt.
919 602 1058 643 Verba
1096 602 1185 657 ipsa
1214 602 1344 641 refert
1372 601 1502 641 Justi-

81 681 227 723 nianus
258 682 310 722 ad
342 682 499 721 calcem
531 680 735 736 epistolae
767 681 818 720 ad
844 680 1029 728 Menam,
1063 694 1168 735 quae
1197 694 1220 718 a
1250 678 1405 719 Rufino
1436 677 1500 719 in-

80 770 266 815 terprete
297 759 538 808 emendata,
577 768 618 798 et
654 756 697 797 in
737 757 1016 797 orthodoxam
1054 754 1303 796 sententiam
1334 756 1500 796 detorta

82 849 130 876 ac
160 835 416 890 interpolata
445 846 541 875 sunt
572 833 668 874 libr.
699 834 731 874 I.
763 842 866 888 περὶ
899 832 1066 889 ἀρχῶν,
1099 831 1247 888 cap.2.
1276 848 1394 873 num.
1415 832 1496 883 13„

80 914 192 954 uncle
224 929 270 953 ea
302 929 393 967 cap.
424 911 489 954 15.
528 910 675 951 sumsit
712 922 860 951 auctor
897 908 1035 950 libelli
1076 910 1127 949 de
1156 908 1326 949 Deitate
1358 920 1400 950 et
1430 909 1497 949 In-

80 989 319 1031 carnatione
349 988 493 1038 Verbi,
525 987 596 1044 qui
624 987 835 1043 reperitur
864 987 916 1027 ad
949 987 1107 1028 calcem
1147 986 1275 1027 Tomi
1304 987 1377 1027 lV.
1408 988 1496 1026 Au-

79 1066 239 1120 gustini.
299 1067 390 1107 Hac
431 1066 525 1106 labe
554 1066 725 1106 foedata
753 1075 849 1105 sunt
879 1064 978 1116 ista,
1024 1080 1129 1119 quae
1167 1079 1292 1119 supra
1321 1062 1496 1103 adduxi-

77 1161 169 1185 mus
200 1161 221 1184 e
252 1144 376 1185 Tom.
410 1144 463 1185 lI.
501 1142 543 1183 in
582 1144 736 1184 Joann.
766 1158 881 1182 num.
913 1141 951 1184 6.
1014 1138 1139 1184 Οὕτω
1159 1141 1199 1197 ¹)
1229 1145 1387 1184 τοίνυν
1415 1142 1494 1184 καὶ

77 1219 259 1276 ἐνθάδε,
293 1224 330 1265 εἰ
359 1219 509 1264 πάντα
540 1218 615 1263 διὰ
645 1223 724 1263 τοῦ
755 1216 896 1276 λόγου
928 1218 1132 1276 ἐγένετο,
1173 1216 1256 1274 οὐχ
1294 1215 1381 1262 ὑπὸ
1414 1219 1492 1260 τοῦ

75 1296 215 1356 λόγου
242 1299 444 1354 ἐγένετο,
487 1295 578 1339 ἀλλ’
622 1293 713 1340 ὑπὸ
747 1301 1000 1356 κρείττονος
1028 1297 1105 1339 καὶ
1133 1298 1337 1351 μείζονος
1366 1293 1489 1353 παρὰ

74 1375 337 1433 τὸνλόγον.
403 1379 479 1423 Τίς
518 1373 557 1417 ‹5’
597 1370 657 1417 ἂν
700 1369 834 1422 ἄλλος
873 1364 1001 1422 οὗτος
1038 1370 1239 1432 τυγχάνῃ
1282 1369 1308 1426 ἢ
1341 1370 1363 1415 ὁ
1395 1389 1491 1414 πα-

76 1453 183 1510 τὴρ;
223 1465 264 1494 et
306 1452 409 1493 haee
450 1467 472 1492 e
513 1452 653 1493 Tomo
683 1452 758 1493 VI.
799 1467 914 1492 num.
954 1450 1022 1495 23.
1086 1448 1134 1494 Ὀ
1171 1448 1262 1507 γὰρ
1302 1452 1491 1504 πέμψας

73 1654 249 1701 θεόν·“
283 1655 366 1711 (ev.
397 1655 548 1696 Joann.
579 1654 721 1703 XVII,
750 1652 811 1709 3.)
851 1650 992 1702 οὕτως
1028 1648 1162 1695 εἰκών
1191 1647 1486 1707 ἀγαθότηιος,

76 1726 167 1770 ἀλλ’
204 1725 286 1781 οὔχ
317 1724 374 1784 ᾡς
415 1723 436 1767 ὁ
475 1722 622 1780 πατὴρ
662 1720 1015 1780 ἀπαραλλάκτως
1053 1719 1239 1778 ἀγαθός,
1297 1720 1384 1762 Ubi
1414 1736 1486 1760 na-

72 1809 209 1838 turam
240 1796 281 1836 in
309 1794 499 1851 personis
530 1793 683 1835 divinis
715 1793 951 1833 considerat
982 1792 1206 1845 Origenes,
1235 1790 1486 1840 bonitatem,

70 1883 156 1916 seu,
190 1866 306 1922 quod
334 1865 450 1905 idem
480 1875 562 1915 est,
603 1865 861 1904 voluntatem
890 1862 998 1915 Dei,
1044 1874 1090 1903 ut
1127 1877 1252 1917 supra
1290 1859 1486 1910 vidimus,

72 1952 177 1992 quae
208 1947 269 1976 est
297 1935 339 1975 in
368 1934 508 1983 Filio,
546 1931 920 1989 ἀπαράλλακτον,
961 1931 1228 1973 nullatenus
1256 1928 1487 1972 diversam

73 2023 159 2048 esse
189 2005 331 2046 statuit
364 2020 388 2045 a
415 2003 632 2044 voluntate
662 2002 809 2044 Patris.
877 2001 959 2042 Hic
991 2013 1131 2042 autem
1159 2001 1202 2042 in
1233 2000 1486 2041 adstruenda

70 2091 343 2132 personarum
372 2073 644 2115 distinctione
675 2083 928 2128 occupatur,
964 2088 1011 2113 ac
1041 2072 1203 2113 Filium
1232 2082 1355 2124 negat
1385 2087 1487 2121 esse,

71 2159 119 2188 ut
156 2148 346 2194 Patrem,
391 2141 744 2199 ἀπαραλλάκτως
781 2143 965 2192 bonum,
1010 2143 1106 2198 quia
1149 2143 1278 2183 Pater
1321 2143 1485 2182 bonum

71 2216 209 2272 ipsum
240 2227 314 2264 est,
346 2226 387 2255 et
416 2215 511 2254 fons
539 2213 752 2264 bonitatis,
782 2213 919 2255 Filius
944 2213 1080 2265 imago
1106 2213 1320 2263 bonitatis,
1351 2223 1392 2253 et
1405 2213 1486 2253 bo-

71 2304 147 2328 nus
186 2287 237 2327 de
275 2287 403 2325 bono,
462 2284 573 2325 Tota
612 2301 710 2337 ergo
752 2285 826 2325 illa
866 2284 1105 2325 differentia
1142 2299 1404 2339 nequaquam
1440 2281 1484 2322 in

71 2356 202 2412 ipsam
230 2355 461 2395 bonitatem
493 2354 625 2404 cadit,
664 2355 737 2394 sed
767 2355 810 2395 in
839 2356 1039 2404 modum,
1078 2371 1162 2409 quo
1192 2355 1319 2395 Pater
1346 2355 1484 2393 bonus

74 2438 147 2476 est,
185 2438 226 2467 et
252 2425 389 2466 Filius
429 2425 587 2465 bonus:
630 2425 757 2466 Pater
802 2425 973 2480 quidem
1018 2424 1208 2465 bonitate
1254 2440 1277 2464 a
1314 2422 1484 2464 nemine

72 2507 262 2550 accepta,
299 2495 435 2536 Filius
472 2494 660 2536 bonitate
699 2512 720 2536 a
758 2497 881 2537 Patre
919 2506 1127 2536 manante.
1186 2493 1315 2536 Haec
1344 2489 1487 2533 domi·

75 2577 158 2605 uus
180 2563 398 2607 Prudent.
415 2566 583 2608 Marem
602 2563 655 2606 de
673 2564 849 2608 divinit.
897 2564 1073 2608 Christe·
1098 2562 1170 2607 lib.
1190 2563 1218 2605 I
1223 2563 1268 2606 V.
1299 2575 1395 2618 cap.
1417 2561 1482 2605 16.

76 2647 198 2674 uum.
230 2635 266 2676 1.
335 2633 441 2677 Vide
485 2638 670 2690 insuper
707 2636 894 2677 Rullum
932 2634 1103 2690 defens.
1161 2631 1299 2677 Fidei
1321 2632 1485 2674 Meae-

78 2717 166 2745 uae
195 2702 248 2744 de
277 2703 388 2746 1⁴'c'lic'
414 2709 473 2760 τῷ
506 2705 736 2762 ὀμοουσίῳ
767 2719 863 2762 cap.
894 2706 933 2749 9.
964 2719 1088 2746 unm·
1120 2704 1185 2748 13.
1217 2705 1267 2745 R.

199 2774 236 2829 ¹)
274 2774 379 2813 Vide
430 2775 558 2828 paulo
600 2792 724 2832 supra
771 2793 887 2817 num.
936 2777 1030 2820 Vll,
1078 2773 1481 2816 animadversionem

78 2854 262 2884 nostram
294 2841 333 2881 iu
366 2842 464 2883 hacc
496 2843 582 2898 ipsa
612 2845 806 2898 Origenis
837 2848 973 2888 verba.
1008 2847 1055 2886 R.
