1759 3125
476 79 866 121 OmGEmANonum
897 77 1037 118 Lmen
1065 78 1118 118 ΙΙ.
1409 82 1492 127 193

78 194 314 250 ligentiac,
345 202 436 231 non
466 189 610 230 solum
642 188 930 245 temporalis,
971 201 1130 231 verum
1168 191 1310 232 etiam
1339 200 1491 235 aeter-

74 269 196 311 nalis
224 263 417 310 excedit.
478 265 644 307 Cetera
672 278 792 317 vero,
823 278 938 320 quae
967 273 1076 308 sunt
1105 273 1250 308 extra
1280 266 1488 311 Trinita-

76 353 178 398 tem,
209 347 257 386 in
281 343 473 385 saeculis
502 350 548 384 et
573 344 620 385 in
648 339 923 398 temporibus
947 341 1179 384 metienda
1198 350 1321 387 sunt.
1366 345 1487 400 Quae

78 424 172 463 loca
202 437 291 476 cap.
324 420 389 464 13.
422 432 463 461 et
495 419 559 463 19.
598 431 773 475 usurpat
809 417 993 473 scriptor
1032 418 1187 474 Operis
1218 421 1270 461 de
1302 422 1486 474 Deitate,

73 511 115 540 et
145 498 435 539 Incarnatione
463 496 606 546 Vcrbi,
639 497 757 552 quod
786 496 963 536 habetur
992 495 1035 536 in
1066 496 1178 536 calce
1208 499 1344 552 quarti
1361 499 1490 542 Tomi

71 575 307 628 Augustini.
365 574 443 616 His
489 573 667 630 adjunge
699 584 740 614 et
784 572 910 614 istum
949 589 972 614 e
1013 572 1087 613 lib.
1118 574 1151 614 I.
1192 573 1235 613 in
1275 574 1396 630 epist.
1434 578 1487 618 ad

70 654 196 698 Rom.
238 668 328 708 cap.
359 651 397 695 1.
446 668 563 692 num.
595 651 632 693 5.
704 650 795 703 Qui
837 661 1070 704 nunquam
1107 648 1488 706 praedestinatus

69 737 151 782 est,
182 737 235 772 ut
263 736 378 771 esset
407 728 567 779 Filius)
596 724 678 769 sed
704 739 881 782 semper
899 726 1019 781 fuit,
1049 733 1095 768 et
1112 727 1150 784 ¹)
1181 736 1262 783 est,
1290 733 1412 773 sicut
1440 741 1487 775 et

69 807 230 850 Pater.
290 806 582 860 Quamobrem
613 803 861 846 Athanasius
900 804 945 844 in
981 804 1092 844 libro
1121 805 1173 846 de
1205 807 1383 850 decretis
1412 809 1486 851 Ni-

69 900 220 926 caenae
249 883 400 943 synodi
429 882 488 922 sic
519 882 598 922 ait:
642 884 758 937 Περὶ
791 882 841 924 δὲ
872 883 953 924 τοῦ
986 880 1143 930 ἆϊὸίως
1172 890 1375 928 συνεῖναι
1404 885 1485 931 τὸν

69 960 210 1018 λόγον
237 965 296 1017 τῷ
328 962 466 1016 πατρὶ
480 989 595 1002 .....
641 959 799 1007 ἐξέστω
842 958 984 1002 πάλιν
1023 958 1145 1016 ὑμᾶς
1178 959 1374 1004 ἀκοῦσαι
1407 966 1487 1006 καὶ

68 1035 195 1096 παρὰ
234 1039 314 1080 τοῦ
352 1035 611 1094 φιλοπόνου
638 1035 923 1092 ’.Ωριγένους·
968 1047 1009 1076 et
1050 1036 1245 1078 Socrates
1284 1038 1358 1084 lib,
1391 1041 1485 1081 VII.

69 1132 158 1171 cap.
188 1114 242 1164 6.,
271 1127 497 1170 postquam
528 1113 710 1154 lectitari
739 1112 890 1154 solitos
919 1113 1046 1155 fuisse
1077 1114 1183 1154 dixit
1209 1115 1435 1157 Platonem
1465 1133 1488 1158 a

70 1191 270 1244 Georgio‚
303 1191 531 1244 Origenem
563 1207 585 1231 a
613 1191 843 1232 Timotheo
866 1190 1030 1231 Arianis
1051 1192 1329 1250 presbyteris:
1363 1198 1487 1237 Θαυ-

67 1267 214 1326 μάσαι
245 1261 325 1313 οὖν
352 1285 459 1326 μοι,
491 1268 650 1324 inquit,
691 1269 861 1322 ἔπεισι,
894 1271 991 1316 πῶς
1021 1260 1141 1312 οὗτοι
1177 1270 1220 1312 οἱ
1247 1265 1410 1326 ἄνδρες
1438 1274 1488 1331 τῇ

64 1346 306 1402 Ἀρειανῶν
334 1350 554 1403 θρησκείᾳ
583 1349 881 1403 παρέμειναν,
914 1337 979 1388 ὧν
1011 1343 1032 1389 ὁ
1056 1347 1144 1402 μὲν
1160 1343 1241 1389 τὸν
1258 1344 1487 1392 Πλάτωνα

70 1423 142 1467 ἀεὶ
179 1420 293 1480 μετὰ
326 1427 484 1479 χεῖρας
527 1419 668 1479 εἶχεν,
712 1419 735 1465 ὁ
774 1422 825 1465 δὲ
863 1419 943 1465 τὸν
976 1421 1215 1481 ’.Ωριγένην
1244 1423 1484 1470 ἀνέπνεεν’

71 1498 297 1558 οὐδὲγὰρ
336 1497 533 1543 Πλάτων
574 1500 624 1543 τὸ
665 1499 878 1555 δεύτερον
915 1502 993 1542 καὶ
1035 1496 1087 1543 τό
1132 1505 1285 1557 τρίτον
1324 1505 1484 1557 αἴτιον,

70 1577 130 1627 ὠς
159 1576 292 1626 αὐτὸς
324 1574 566 1632 ὀνομάζειν
595 1581 781 1631 εἴωθεν,
816 1575 960 1633 ἀρχὴν
990 1573 1224 1633 ὑπάρξεως
1251 1580 1487 1636 εἰληφέναι

70 1660 209 1713 φησί·
240 1657 316 1698 καὶ
342 1654 577 1712 Ὠριγένης
614 1653 854 1697 συναΐὸίον
884 1657 1120 1711 πανταχοῦ
1161 1653 1382 1713 ὁμολογεῖ
1407 1655 1488 1701 τὸν

70 1731 173 1776 υἱὸν
211 1735 274 1788 τῷ
312 1736 464 1788 πατρί.
522 1730 663 1772 Vertit
701 1731 963 1787 Epiphanius
1008 1732 1318 1774 Scholasticus:
1372 1733 1491 1777 Blz'kt'

73 1816 228 1851 tamen
257 1806 441 1851 videtur
472 1806 761 1859 admirabile,
794 1806 1010 1864 quomodo
1038 1809 1154 1850 tales
1170 1811 1259 1851 viri
1277 1813 1325 1851 in
1346 1812 1486 1854 Aria-

70 1899 236 1928 norum
275 1886 376 1941 lege
412 1887 694 1936 manserint,
733 1898 923 1942 quorum
959 1898 1078 1927 unus
1115 1885 1294 1942 quidem
1329 1888 1488 1930 Plato-

69 1977 174 2006 nem
201 1975 379 2019 semper
409 1959 611 2004 habebat
639 1963 688 2003 in
718 1960 945 2013 manibus,
976 1962 1102 2004 alter
1120 1965 1337 2020 spirabat
1353 1965 1488 2021 jugi-

73 2049 146 2084 ter
185 2041 456 2096 Origenem:
495 2051 632 2095 quum
671 2051 895 2094 nusquam
932 2039 1072 2081 Plato
1107 2039 1379 2095 secundam,
1421 2044 1493 2085 vel

72 2121 261 2161 tertiam
292 2129 515 2171 caussam,
546 2141 601 2148 —
629 2119 748 2159 sicut
775 2119 866 2173 ipse
896 2119 1139 2160 nominare
1166 2119 1281 2160 solet
1306 2144 1373 2170 -,
1404 2122 1490 2162 ini-

73 2199 187 2239 tium
214 2193 538 2237 subsistentiae
569 2201 752 2236 asserat
779 2196 1053 2250 percepisse,
1085 2203 1130 2238 et
1165 2196 1389 2252 Origenes
1418 2210 1490 2239 co-

73 2281 313 2315 aeternum
342 2273 506 2327 ubique
524 2270 756 2326 fateatur
786 2270 956 2314 Filium
978 2272 1136 2315 Patri:
1164 2285 1205 2314 et
1237 2274 1381 2315 Guido
1412 2276 1486 2316 El-

71 2351 209 2392 nensis
238 2350 282 2391 in
312 2351 488 2392 Summa
518 2350 570 2390 de
599 2349 859 2391 haeresibus:
894 2349 1142 2406 OrtgeneQ
1173 2350 1323 2407 inquit,
1352 2365 1488 2409 super

72 2427 310 2484 epistolam
349 2424 414 2468 ad
449 2426 584 2468 Rom.
618 2426 647 2468 I.
687 2440 777 2468 non.
816 2434 883 2469 est
918 2435 1099 2469 secutus
1139 2441 1346 2471 errorem
1383 2430 1494 2473 Arii

76 2503 130 2546 de
160 2506 411 2547 existentia
439 2503 553 2547 Filii
578 2504 688 2546 Dei:
735 2504 876 2548 Arius
905 2506 1027 2546 enim
1056 2502 1189 2556 dicit,
1237 2505 1356 2562 quod
1381 2515 1488 2549 erat

79 2588 272 2637 tempus,
310 2579 490 2637 quando
531 2582 628 2624 Dei
663 2582 808 2625 Filius
845 2595 936 2624 non
966 2589 1094 2626 erat:
1123 2582 1243 2639 quod
1267 2586 1488 2640 reprobat

81 2657 302 2713 Origenes
342 2656 606 2714 dupliciter,
646 2661 796 2716 primo
843 2672 1074 2717 exponens
1121 2659 1240 2703 illud
1285 2661 1421 2705 Rom.
1454 2660 1487 2707 Ι,

199 2807 239 2864 ¹)
269 2810 434 2851 Desunt
463 2814 612 2854 verba:
644 2821 689 2855 et
719 2822 799 2866 est,
830 2815 871 2855 in
906 2816 999 2856 edd.
1029 2816 1081 2855 Π.

86 2887 305 2928 Omcssms
340 2886 509 2930 OPERA.
543 2890 662 2931 Tom.
693 2891 836 2930 XXII.
1198 2890 1248 2932 13
