1759 3125
269 102 352 146 234
685 105 828 148 Parni
858 105 1071 149 DANffims
1103 107 1266 150 Huss‘ru

271 231 399 267 gene:
431 213 628 274 ’'Ep-‘quw
671 217 879 274 ἀρχιερέα
915 209 1086 275 μέγαν,
1136 219 1309 274 Ἰησοῦν
1344 216 1424 262 τὸν
1463 215 1566 261 υἱὸν
1603 219 1684 261 τοῦ

272 295 383 336 θεοῦ
416 294 734 350 ἐνδεδυμένον.
804 295 924 348 Quae
970 296 1129 336 locutio
1172 313 1267 337 sane
1307 296 1416 337 male
1455 306 1598 346 sonat,
1646 305 1687 334 et

273 385 363 409 eam
396 370 585 411 haeresin
616 370 746 426 sapit,
786 387 909 426 quam
951 372 1102 412 deinde
1140 372 1424 429 propugnavit
1454 370 1686 413 Nestorius.

269 447 377 486 Nam
415 447 449 487 si
489 447 618 487 Verbi
659 447 852 488 divinitas
891 448 1137 489 humanitati
1176 449 1328 491 Christi
1376 446 1689 503 circumposita,

272 534 312 562 et
344 523 576 565 humanitas
605 523 825 565 divinitate
855 524 1000 565 induta
1032 526 1292 578 intelligitur,
1324 537 1371 566 ut
1401 542 1448 566 ex
1479 541 1584 566 voce
1611 525 1689 568 ἕν-

272 602 528 654 ὐ“ε()“ι.·με’νον
564 600 745 653 intelligi
785 602 929 653 decet;
967 600 1202 658 impellitur
1238 602 1385 658 utique
1425 618 1472 642 ex
1512 618 1562 642 eo
1602 601 1689 642 ani-

271 693 364 717 mus
395 678 444 718 ad
477 678 711 730 fingendam
743 677 822 718 sibi
854 681 1009 734 σχέσιν
1039 681 1236 720 duntaxat
1266 680 1487 735 quandam,
1522 690 1563 719 et
1584 693 1691 734 σχε-

273 752 401 808 ‘textit‘
430 755 650 810 utriusque
680 767 851 795 naturae
884 756 1245 797 convenientiam:
1282 756 1354 812 qui
1391 756 1472 796 suit
1501 754 1689 797 Nestorii

273 849 401 873 error.
471 835 527 873 At
566 832 601 873 si
638 832 770 872 Verbi
811 831 1074 874 divinitatem
1113 834 1226 874 dicas
1268 832 1505 874 assumsisse
1547 844 1588 873 et
1624 833 1687 873 in-

272 907 409 948 duisse
440 908 743 949 humanitatem
777 908 945 960 Christi,
975 910 1276 963 significabitur
1292 909 1552 969 hypostatica
1573 909 1688 952 ἕνω-

272 1000 351 1034 σις.
413 985 509 1040 Qua
541 1003 639 1039 ergo
672 985 739 1027 hic
762 987 814 1027 ad
832 987 1122 1028 defensionem
1141 987 1334 1040 Origenis
1355 985 1688 1043 praescriptione

269 1062 464 1104 utemur?
496 1063 726 1104 Communi
754 1063 827 1104 illa
856 1063 1040 1115 scilicet,
1085 1076 1127 1106 et
1157 1080 1262 1120 quae
1292 1065 1374 1105 hoc
1406 1079 1535 1120 opere
1564 1078 1688 1118 saepe

270 1138 393 1179 nobis
423 1142 664 1195 usurpanda
695 1152 778 1193 est;
810 1158 905 1181 cum
935 1157 1002 1182 res
1032 1143 1109 1182 hac
1139 1152 1273 1182 aetate
1303 1142 1494 1181 nondum
1511 1140 1687 1181 fuissent

272 1214 633 1258 dissertationibus
672 1218 903 1259 illustratae
944 1230 985 1259 et
1027 1234 1240 1267 excussae,
1282 1218 1325 1258 in
1356 1217 1520 1257 lubrico
1552 1232 1690 1257 versa·
1740 1255 1752 1266 ,

269 1303 359 1332 tum
403 1293 631 1347 Origenem
670 1296 813 1350 lapsus
848 1295 1013 1335 veniam
1059 1295 1224 1336 mereri.
1302 1296 1425 1335 Adde
1472 1295 1691 1343 Catenam‚

269 1370 380 1409 unde
410 1371 692 1423 fragmentum
731 1373 814 1413 hoc
848 1373 1031 1428 petitum
1063 1384 1146 1422 est,
1185 1371 1368 1427 aliasque
1408 1370 1568 1423 generis
1600 1368 1691 1427 ejus

272 1446 550 1489 collectiones
588 1465 722 1504 paene
764 1466 910 1490 omnes
951 1449 1054 1490 levis
1093 1449 1326 1490 admodum
1358 1464 1444 1489 esse
1475 1447 1600 1498 fidei,
1640 1459 1689 1488 ut

269 1523 352 1564 alio
391 1525 487 1565 loeo
520 1526 867 1567 demonstramus.

381 1603 518 1646 XVII.
580 1604 908 1656 Progrediamur
936 1604 987 1644 ad
1019 1603 1134 1644 aliud
1166 1603 1359 1656 Origenis
1391 1601 1689 1658 pensitandum

271 1679 444 1731 dogma,
476 1682 592 1736 quod
625 1682 767 1723 Tract.
797 1682 863 1724 27.
903 1681 945 1721 in
985 1682 1135 1722 Matth.
1172 1698 1286 1722 num.
1318 1680 1386 1724 33.
1428 1679 1689 1720 continetur:

272 1756 471 1808 Quidam
500 1767 656 1799 autem
689 1757 743 1817 de
769 1759 961 1813 puhlicis
992 1756 1168 1813 quidem
1198 1765 1244 1800 et
1274 1756 1536 1811 manzjfestae's
1566 1758 1688 1812 capi-

272 1835 380 1876 tulis
410 1850 499 1877 mm
532 1834 832 1884 clementinum
862 1841 912 1875 ut
937 1844 1071 1891 putu,
1104 1834 1157 1876 de
1186 1848 1276 1875 uno
1293 1835 1405 1884 Deo,
1437 1836 1514 1889 qui
1541 1835 1689 1888 legem

271 1918 315 1952 et
346 1912 655 1968 Evangelc'um
697 1910 846 1963 dedc't;
887 1920 971 1954 aut
1009 1911 1064 1954 de
1105 1912 1283 1955 Christo
1324 1913 1422 1954 lesu
1453 1914 1688 1967 primoge-

271 1992 367 2030 m'to
406 1993 645 2031 universae
683 1996 952 2041 creaturae,
1003 1993 1080 2045 qul
1114 1992 1162 2030 iu
1181 1989 1285 2042 fine
1322 1987 1496 2028 saecule·
1530 2000 1687 2028 secuu-

271 2064 379 2107 dum.
412 2066 788 2122 praedicationes
819 2066 1153 2122 prophetarum
1198 2067 1320 2106 z'em't
1367 2067 1415 2105 iu
1455 2062 1688 2115 mundum,

271 2150 317 2184 et
345 2147 537 2199 suscepit
569 2146 617 2184 iu
645 2156 691 2184 se
721 2156 879 2184 veram
910 2142 1140 2184 humanae
1171 2144 1326 2183 curuis
1355 2150 1606 2196 naturam,
1637 2147 1687 2181 ut

271 2222 413 2262 etlam
445 2222 740 2262 nativitatem
769 2222 945 2261 subiret
975 2232 1036 2260 eu:
1065 2221 1256 2273 virgine.
1286 2226 1330 2259 et
1361 2224 1554 2259 mortem
1585 2231 1688 2259 cru-

271 2300 334 2340 cis
363 2299 576 2353 suscepit,
607 2303 651 2338 et
680 2299 891 2340 surrexit
925 2310 955 2337 a
974 2298 1179 2346 mortuis,
1210 2303 1254 2337 et
1286 2293 1517 2351 decficavlt
1548 2309 1685 2352 quam

269 2382 533 2431 susceperat
564 2373 815 2416 humanam
846 2379 1082 2415 naturam.
1143 2372 1243 2427 Quo
1274 2390 1397 2414 sensu
1419 2372 1687 2426 deificatam

270 2469 292 2493 a
325 2453 491 2493 Christo
521 2464 710 2493 naturam
744 2451 966 2491 humanam
997 2450 1160 2501 dixerit,
1193 2451 1381 2491 dubitari.
1398 2462 1560 2506 potest:
1589 2467 1694 2490 nans

272 2530 305 2571 si
337 2547 488 2570 vocem
519 2529 654 2570 illam:
686 2527 925 2583 deficare:
953 2529 1024 2569 ita
1054 2530 1334 2584 accipiamus
1362 2527 1480 2583 quasi
1496 2528 1684 2568 Verbum

271 2608 312 2648 in
343 2619 535 2648 naturam
567 2608 788 2646 humanam
820 2621 1082 2654 conversum,
1111 2617 1152 2646 et
1180 2618 1369 2646 naturam
1388 2605 1568 2660 proinde
1594 2622 1689 2646 cor-

271 2702 444 2742 poi-earn
477 2685 518 2725 in
549 2685 689 2724 Deum
720 2698 806 2723 esse
840 2694 1054 2733 mutatam,
1088 2681 1360 2740 ejusdemque
1393 2699 1479 2722 esse
1509 2699 1556 2722 ac
1583 2683 1685 2721 Ver-

273 2765 375 2803 bum
405 2763 659 2803 substantiae
691 2760 875 2801 voluerit
907 2761 1126 2814 Origenes,
1157 2759 1398 2801 manifestus
1429 2758 1508 2800 erit
1536 2759 1682 2814 utique

276 2840 463 2896 capitalis
494 2840 605 2882 illius
638 2839 813 2889 erroris,
854 2854 978 2893 quem
1012 2837 1272 2894 Apollinaris
1302 2837 1343 2878 in
1374 2836 1596 2878 ecclesiam
1624 2834 1689 2876 'm-

1750 1793 1759 2108 1

1741 2389 1759 2815 l
