1759 3125
204 73 233 117 8
626 81 766 124 Pmm
805 82 1018 126 DAMEms
1049 84 1215 127 Humn

211 186 322 231 enim
353 191 477 232 metri
507 192 753 236 necessitate
783 195 956 237 adducti
987 195 1075 237 ausi
1107 207 1202 237 sunt
1219 206 1373 253 poetae
1395 194 1638 251 aliquando,

211 263 255 305 id
285 265 328 306 in
359 267 496 321 legem
526 282 598 312 aut
629 273 871 329 exemplum
911 273 1074 313 trahere
1117 289 1202 314 non
1237 271 1399 313 debuit.
1459 273 1547 314 Nee
1579 274 1642 314 fe·

211 341 336 385 licior
364 345 547 388 aliorum
578 348 844 407 conjectura,
877 350 947 407 qui
980 350 1155 403 Origeni
1185 366 1342 391 nomen
1373 350 1534 391 factum
1566 367 1642 391 vo-

212 421 327 472 lunt,
371 425 488 478 quod
526 427 776 483 tempestive
814 427 977 481 genitus
1021 427 1100 479 sit3
1150 443 1247 468 nam
1285 427 1344 468 sic
1388 427 1645 469 scriberetur

215 498 484 556 Horl'geneS,
515 520 602 544 non
636 504 875 561 Or10·(71es‚
945 506 1072 545 Inane
1105 516 1166 545 est
1195 517 1362 554 autem,
1405 506 1522 561 quod
1553 504 1642 562 ejus

213 577 443 619 sententiae
475 581 787 623 confirmandae
818 582 947 636 gratia
978 580 1132 638 adjecit
1162 581 1225 622 vir
1257 580 1470 631 eruditus,
1515 598 1558 623 se
1600 581 1644 622 in

215 653 388 696 vetustis
420 656 651 700 codicibus
692 659 887 713 Origenis
924 675 1086 700 nomen
1129 675 1226 699 cum
1257 658 1512 715 aspiratione
1542 659 1645 700 scri-

214 741 336 786 ptum
365 733 607 790 saepissime
635 737 863 792 reperisse:
895 748 1055 778 certum
1087 736 1245 793 quippe
1278 748 1339 777 est
1369 737 1493 789 longe
1519 736 1644 777 etiam

216 807 477 865 frequentius
507 812 759 869 aspiratione
792 830 955 855 carere:
986 815 1037 855 ab
1069 814 1190 855 Horo
1222 813 1424 854 nimirum
1454 814 1645 870 appella-

218 884 280 925 tio
313 898 386 938 est,
419 889 490 945 qui
523 890 822 947 aspirationem
861 892 943 934 sibi
986 891 1171 932 vindicat
1200 891 1451 947 aliquandO,
1482 891 1649 948 saepius

219 961 345 1004 etiam
374 967 548 1022 respuit.

335 1042 411 1084 ΙΙΙ.
470 1045 520 1085 Id
559 1061 657 1099 ergo
697 1046 881 1088 nominis
920 1064 942 1089 a
983 1064 1117 1104 puero
1158 1046 1305 1087 habuit
1341 1045 1566 1099 Origenes;
1606 1057 1647 1087 at

219 1116 336 1159 annis
364 1120 543 1163 subinde
573 1124 882 1179 prodeuntibus
909 1124 1182 1183 Adamantius
1213 1122 1530 1177 cognominatus
1562 1134 1648 1164 est:

223 1191 289 1237 ὅτι
315 1195 644 1253 ἀδαμαντίνοις
659 1203 845 1259 δεσμοῖς
877 1188 1079 1259 ἐῴκεσαν
1111 1199 1186 1250 οὓς
1217 1199 1275 1244 ἂν
1299 1199 1447 1255 ὃήσειε
1467 1200 1646 1257 λόγους,

221 1270 358 1328 inquit
386 1275 564 1318 Photius
599 1278 707 1320 Cod.
749 1279 865 1332 1183
906 1280 972 1321 vel
1013 1291 1192 1336 propter
1231 1279 1381 1319 mentis
1420 1277 1649 1318 adamanti-

221 1364 323 1391 num
352 1353 497 1404 robur,
529 1371 633 1410 quae
663 1356 791 1398 nullis
823 1356 866 1397 in
891 1357 1138 1399 illustranda
1159 1357 1390 1412 Scriptura,
1423 1355 1523 1396 etin
1547 1355 1650 1397 scri-

220 1425 363 1468 bendo
398 1429 614 1473 laboribus
644 1433 955 1487 defatigaretur,
986 1435 1347 1491 quemadmodum
1387 1433 1429 1474 in
1469 1433 1651 1490 epistola

221 1503 273 1543 ad
303 1504 553 1550 Marcellam
580 1510 728 1565 prodit
756 1511 1063 1569 Hieronymus3
1103 1512 1171 1553 vel
1213 1511 1330 1567 quod
1357 1522 1557 1567 tanquam
1588 1511 1650 1552 in-

225 1579 357 1625 victus
387 1585 553 1628 adamas
583 1587 753 1629 fortiter
783 1605 905 1631 verae
935 1588 1038 1630 fidei
1068 1605 1199 1645 opem
1228 1589 1381 1639 ferret,
1422 1589 1648 1645 omniaque

221 1656 264 1698 in
303 1676 346 1701 se
388 1663 512 1706 missa
552 1665 875 1707 Haereticorum
922 1668 1007 1708 tela
1045 1666 1221 1708 veritate
1266 1665 1357 1722 ipsa
1392 1668 1648 1708 retunderet.

223 1737 363 1794 Atque
395 1740 438 1781 id
471 1752 799 1795 cognomentum
828 1744 909 1785 sibi
939 1746 1051 1785 hunc
1084 1745 1224 1801 ipsum
1267 1743 1490 1785 adscivisse
1520 1743 1650 1784 tradit

221 1813 486 1871 Epiphanius
516 1820 687 1862 Haeres.
716 1821 782 1864 64.
815 1838 904 1878 cap.
932 1821 998 1865 73.
1066 1821 1176 1862 Hinc
1195 1822 1238 1877 ¹)
1276 1821 1489 1861 refellitur
1524 1821 1649 1862 Eras-

225 1906 317 1932 mus
349 1892 392 1934 in
426 1895 508 1936 vita
539 1897 758 1950 Origenis,
795 1899 903 1939 illud
932 1899 1013 1955 ipsi
1044 1898 1125 1954 jam
1158 1914 1179 1938 a
1211 1897 1320 1938 vitae
1352 1910 1524 1948 exortu,
1561 1915 1648 1938 non

224 1984 272 2008 ex
301 1971 491 2013 moribus
521 1973 703 2015 inditum
733 1975 982 2017 existimans.
1055 1977 1118 2016 Ab
1156 1975 1313 2027 ingenti
1351 1975 1477 2015 etiam
1517 1975 1649 2016 libro-

224 2063 332 2097 rum,
363 2065 469 2104 quos
500 2051 664 2093 assidue
693 2053 922 2103 scribebat,
955 2052 1079 2107 copia
1110 2050 1380 2107 συντῑὶκτης,
1419 2052 1505 2093 sive
1539 2069 1646 2096 συν-

227 2123 473 2181 τακῖὴριος,
491 2128 533 2184 ²)
573 2128 661 2169 sive
693 2127 985 2178 συνγακῑικός
1024 2129 1108 2169 dici
1146 2129 1313 2170 meruit.
1382 2130 1650 2171 chalcenteri

228 2203 353 2243 etiam
382 2204 630 2247 attributum
661 2217 723 2247 est
753 2206 792 2247 ei
821 2208 872 2247 ab
902 2206 1166 2265 Hieronymo
1212 2220 1566 2259 cognomentum,
1595 2210 1648 2249 ad

225 2279 401 2338 Didymi
431 2281 543 2324 illius
574 2283 847 2325 Alexandrini
875 2283 1151 2325 Grammatici
1181 2284 1446 2338 exemplum,
1487 2289 1559 2342 qui
1591 2288 1646 2327 ob

349 2487 387 2540 ¹)
419 2487 671 2543 Equidem
660 2506 701 2530 m
733 2489 814 2530 hoc
846 2503 988 2529 errore
1019 2489 1281 2537 versabatur,
1323 2505 1418 2529 cum
1450 2488 1643 2540 Origenis

227 2543 354 2583 vitam
384 2545 613 2596 scribebatt,
644 2547 716 2586 sed
734 2546 848 2586 aliud
877 2544 1036 2585 docet
1025 2561 1067 2584 ln
1086 2545 1270 2597 Adagiis,
1302 2545 1463 2585 dictum
1493 2562 1646 2600 nempe

228 2598 355 2639 fuisse
400 2602 696 2643 Adamantium
735 2604 790 2643 ob
828 2600 1122 2642 incredibilem
1159 2618 1384 2642 numerum
1425 2602 1645 2652 libmmm,

229 2671 334 2711 quos
362 2657 575 2712 scripsisse
607 2659 772 2700 dicitur.
804 2659 853 2699 R.

344 2727 386 2781 ²)
418 2727 526 2768 Cum
556 2729 613 2769 ait
643 2729 794 2771 Suidas
825 2727 1052 2781 Origenem
1084 2727 1243 2768 dictum
1276 2744 1363 2768 esse
1394 2743 1644 2782 contami]-

229 2797 349 2834 ρων,
400 2783 524 2837 longe
562 2785 735 2827 fallitur.
802 2784 1062 2839 Συνῖάκῖης
1103 2784 1214 2825 enim
1248 2785 1382 2825 dictus
1414 2796 1496 2834 est,
1541 2796 1646 2825 teste

227 2817 496 2895 Epiphani0‚
515 2858 603 2884 non
633 2858 967 2903 συντακτηοιος,
997 2858 1135 2898 neque
1167 2840 1469 2891 ουντακῖικός-
1503 2842 1551 2882 l't
