<?xml version="1.0" encoding="UTF-8"?>
<!DOCTYPE html PUBLIC "-//W3C//DTD XHTML 1.0 Transitional//EN"
    "http://www.w3.org/TR/xhtml1/DTD/xhtml1-transitional.dtd">
<html xmlns="http://www.w3.org/1999/xhtml" xml:lang="en" lang="en">
 <head>
  <title>
</title>
<meta http-equiv="Content-Type" content="text/html;charset=utf-8" />
  <meta name='ocr-system' content='tesseract 3.04.00' />
  <meta name='ocr-capabilities' content='ocr_page ocr_carea ocr_par ocr_line ocrx_word'/>
</head>
<body>
  <div class='ocr_page' id='page_1' title='image "./operaomniaquaegr22orig/operaomniaquaegr22orig_0412.png"; bbox 0 0 1759 3125; ppageno 0'>
   <div class='ocr_carea' id='block_1_1' title="bbox 245 89 1126 138">
    <p class='ocr_par' dir='ltr' id='par_1_1' title="bbox 245 89 1126 138">
     <span class='ocr_line' id='line_1_1' title="bbox 245 89 1126 138; baseline -0.006 0"><span class='ocrx_word' id='word_1_1' title='bbox 245 94 328 138; x_wconf 77' lang='lat'><em>400</em></span> <span class='ocrx_word' id='word_1_2' title='bbox 775 89 1013 132; x_wconf 75' lang='lat' dir='ltr'><em>Excunsvs</em></span> <span class='ocrx_word' id='word_1_3' title='bbox 1053 92 1126 133; x_wconf 86' lang='lat' dir='ltr'><em>VI.</em></span> 
     </span>
    </p>
   </div>
   <div class='ocr_carea' id='block_1_2' title="bbox 230 202 1673 2903">
    <p class='ocr_par' dir='ltr' id='par_1_2' title="bbox 230 202 1673 2903">
     <span class='ocr_line' id='line_1_2' title="bbox 243 202 1665 260; baseline -0.002 -9"><span class='ocrx_word' id='word_1_4' title='bbox 243 209 326 251; x_wconf 80' lang='lat' dir='ltr'><em>soli</em></span> <span class='ocrx_word' id='word_1_5' title='bbox 357 209 454 250; x_wconf 88' lang='lat' dir='ltr'><em>Deo</em></span> <span class='ocrx_word' id='word_1_6' title='bbox 488 205 679 255; x_wconf 85' lang='lat' dir='ltr'><em>debetur,</em></span> <span class='ocrx_word' id='word_1_7' title='bbox 713 202 940 260; x_wconf 78' lang='lat' dir='ltr'><em>abjudicet,</em></span> <span class='ocrx_word' id='word_1_8' title='bbox 970 204 1079 244; x_wconf 78' lang='lat' dir='ltr'>hunc</span> <span class='ocrx_word' id='word_1_9' title='bbox 1109 216 1247 245; x_wconf 81' lang='lat' dir='ltr'><em>autem</em></span> <span class='ocrx_word' id='word_1_10' title='bbox 1281 206 1469 247; x_wconf 78' lang='lat' dir='ltr'><em>divinum</em></span> <span class='ocrx_word' id='word_1_11' title='bbox 1504 207 1665 248; x_wconf 86' lang='lat' dir='ltr'><strong>cultum</strong></span> 
     </span>
     <span class='ocr_line' id='line_1_3' title="bbox 243 280 1667 337; baseline 0.001 -12"><span class='ocrx_word' id='word_1_12' title='bbox 243 284 360 326; x_wconf 83' lang='lat' dir='ltr'><em>Filio</em></span> <span class='ocrx_word' id='word_1_13' title='bbox 391 295 558 324; x_wconf 84' lang='lat' dir='ltr'><em>strenue</em></span> <span class='ocrx_word' id='word_1_14' title='bbox 590 280 788 323; x_wconf 84' lang='lat' dir='ltr'><em>vindicet.</em></span> <span class='ocrx_word' id='word_1_15' title='bbox 848 281 919 322; x_wconf 86' lang='lat' dir='ltr'><em>Sic</em></span> <span class='ocrx_word' id='word_1_16' title='bbox 951 281 1141 337; x_wconf 78' lang='lat' dir='ltr'><em>loquitur</em></span> <span class='ocrx_word' id='word_1_17' title='bbox 1174 283 1224 322; x_wconf 91' lang='lat' dir='ltr'><em>de</em></span> <span class='ocrx_word' id='word_1_18' title='bbox 1260 283 1438 336; x_wconf 80' lang='lat' dir='ltr'><em>angelis:</em></span> <span class='ocrx_word' id='word_1_19' title='bbox 1488 284 1543 327; x_wconf 70' lang='grc' dir='ltr'><em>δι’</em></span> <span class='ocrx_word' id='word_1_20' title='bbox 1571 284 1667 327; x_wconf 80' lang='lat' dir='ltr'><em>Cel-</em></span> 
     </span>
     <span class='ocr_line' id='line_1_4' title="bbox 243 358 1663 417; baseline -0.001 -13"><span class='ocrx_word' id='word_1_21' title='bbox 243 375 318 404; x_wconf 89' lang='lat' dir='ltr'><em>sus</em></span> <span class='ocrx_word' id='word_1_22' title='bbox 348 360 631 415; x_wconf 71' lang='lat' dir='ltr'><em>intelltgeret</em></span> <span class='ocrx_word' id='word_1_23' title='bbox 671 371 798 400; x_wconf 69' lang='lat' dir='ltr'><em>veros</em></span> <span class='ocrx_word' id='word_1_24' title='bbox 838 358 930 400; x_wconf 84' lang='lat' dir='ltr'><em>Dei</em></span> <span class='ocrx_word' id='word_1_25' title='bbox 956 360 1216 409; x_wconf 76' lang='lat' dir='ltr'><em>ministros,</em></span> <span class='ocrx_word' id='word_1_26' title='bbox 1243 369 1345 415; x_wconf 80' lang='lat' dir='ltr'><em>post</em></span> <span class='ocrx_word' id='word_1_27' title='bbox 1376 364 1514 417; x_wconf 74' lang='lat' dir='ltr'><em>ipsius</em></span> <span class='ocrx_word' id='word_1_28' title='bbox 1552 361 1663 404; x_wconf 80' lang='lat' dir='ltr'><em>Uni-</em></span> 
     </span>
     <span class='ocr_line' id='line_1_5' title="bbox 241 435 1667 496; baseline 0 -15"><span class='ocrx_word' id='word_1_29' title='bbox 241 440 476 496; x_wconf 80' lang='lat' dir='ltr'><em>genitum,</em></span> <span class='ocrx_word' id='word_1_30' title='bbox 511 435 795 487; x_wconf 80' lang='lat' dir='ltr'><em>Gabrielem,</em></span> <span class='ocrx_word' id='word_1_31' title='bbox 829 435 1121 486; x_wconf 78' lang='lat' dir='ltr'><em>le&#39;cleaelem,</em></span> <span class='ocrx_word' id='word_1_32' title='bbox 1162 437 1440 494; x_wconf 80' lang='lat' dir='ltr'><em>reliquosque</em></span> <span class='ocrx_word' id='word_1_33' title='bbox 1475 440 1667 495; x_wconf 79' lang='lat' dir='ltr'><em>angelos</em></span> 
     </span>
     <span class='ocr_line' id='line_1_6' title="bbox 245 512 1667 569; baseline 0.001 -11"><span class='ocrx_word' id='word_1_34' title='bbox 245 523 291 558; x_wconf 84' lang='lat' dir='ltr'><em>et</em></span> <span class='ocrx_word' id='word_1_35' title='bbox 323 513 656 569; x_wconf 74' lang='lat' dir='ltr'><em>archangelos,</em></span> <span class='ocrx_word' id='word_1_36' title='bbox 689 527 846 569; x_wconf 83' lang='lat' dir='ltr'><em>eosque</em></span> <span class='ocrx_word' id='word_1_37' title='bbox 878 512 1085 554; x_wconf 79' lang='lat' dir='ltr'><em>colendos</em></span> <span class='ocrx_word' id='word_1_38' title='bbox 1113 526 1206 555; x_wconf 84' lang='lat' dir='ltr'><em>esse</em></span> <span class='ocrx_word' id='word_1_39' title='bbox 1237 512 1433 565; x_wconf 50' lang='grc' dir='ltr'><em>ὀίων-θη</em></span> <span class='ocrx_word' id='word_1_40' title='bbox 1466 517 1667 563; x_wconf 78' lang='lat' dir='ltr'><em>fortasse</em></span> 
     </span>
     <span class='ocr_line' id='line_1_7' title="bbox 244 589 1667 651; baseline -0.001 -14"><span class='ocrx_word' id='word_1_41' title='bbox 244 598 580 651; x_wconf 71' lang='lat' dir='ltr'><em>expurgantes,</em></span> <span class='ocrx_word' id='word_1_42' title='bbox 613 599 655 632; x_wconf 86' lang='lat' dir='ltr'><em>et</em></span> <span class='ocrx_word' id='word_1_43' title='bbox 688 589 798 646; x_wconf 79' lang='lat' dir='ltr'><em>quid</em></span> <span class='ocrx_word' id='word_1_44' title='bbox 825 591 973 631; x_wconf 72' lang='lat' dir='ltr'><em>cultus</em></span> <span class='ocrx_word' id='word_1_45' title='bbox 1004 593 1184 631; x_wconf 85' lang='lat' dir='ltr'><em>nomine</em></span> <span class='ocrx_word' id='word_1_46' title='bbox 1216 592 1568 649; x_wconf 61' lang='lat' dir='ltr'><em>intelligendum</em></span> <span class='ocrx_word' id='word_1_47' title='bbox 1592 598 1667 646; x_wconf 84' lang='lat' dir='ltr'><em>sit,</em></span> 
     </span>
     <span class='ocr_line' id='line_1_8' title="bbox 246 665 1666 730; baseline 0 -15"><span class='ocrx_word' id='word_1_48' title='bbox 246 681 292 716; x_wconf 84' lang='lat' dir='ltr'><em>et</em></span> <span class='ocrx_word' id='word_1_49' title='bbox 323 685 438 729; x_wconf 84' lang='lat' dir='ltr'><em>quae</em></span> <span class='ocrx_word' id='word_1_50' title='bbox 469 674 563 712; x_wconf 83' lang='lat' dir='ltr'><em>sint</em></span> <span class='ocrx_word' id='word_1_51' title='bbox 595 670 782 711; x_wconf 78' lang='lat' dir='ltr'><em>colentis</em></span> <span class='ocrx_word' id='word_1_52' title='bbox 814 672 1045 719; x_wconf 76' lang='lat' dir='ltr'><em>actioneS,</em></span> <span class='ocrx_word' id='word_1_53' title='bbox 1091 672 1219 724; x_wconf 72' lang='grc' dir='ltr'>(ἴσως</span> <span class='ocrx_word' id='word_1_54' title='bbox 1258 665 1317 712; x_wconf 70' lang='grc' dir='ltr'><em>ἄν</em></span> <span class='ocrx_word' id='word_1_55' title='bbox 1358 670 1406 713; x_wconf 75' lang='grc' dir='ltr'><em>τὸ</em></span> <span class='ocrx_word' id='word_1_56' title='bbox 1454 676 1556 730; x_wconf 78' lang='grc' dir='ltr'><em>περὶ</em></span> <span class='ocrx_word' id='word_1_57' title='bbox 1588 676 1666 715; x_wconf 75' lang='grc' dir='ltr'><em>τοῦ</em></span> 
     </span>
     <span class='ocr_line' id='line_1_9' title="bbox 244 746 1669 809; baseline 0 -16"><span class='ocrx_word' id='word_1_58' title='bbox 244 749 519 809; x_wconf 65' lang='grc' dir='ltr'><em>θεραπειέιν</em></span> <span class='ocrx_word' id='word_1_59' title='bbox 549 748 686 791; x_wconf 77' lang='grc' dir='ltr'><em>αὐτοῦ</em></span> <span class='ocrx_word' id='word_1_60' title='bbox 721 746 1064 804; x_wconf 77' lang='grc' dir='ltr'><em>σημαινόμενον</em></span> <span class='ocrx_word' id='word_1_61' title='bbox 1095 747 1439 805; x_wconf 71' lang='grc' dir='ltr'><em>ἐκκαθήραντες,</em></span> <span class='ocrx_word' id='word_1_62' title='bbox 1474 752 1550 791; x_wconf 82' lang='grc' dir='ltr'><em>καὶ</em></span> <span class='ocrx_word' id='word_1_63' title='bbox 1579 752 1669 793; x_wconf 81' lang='grc' dir='ltr'><em>τῶν</em></span> 
     </span>
     <span class='ocr_line' id='line_1_10' title="bbox 244 823 1667 884; baseline -0.006 -9"><span class='ocrx_word' id='word_1_64' title='bbox 244 834 323 875; x_wconf 81' lang='grc' dir='ltr'><em>τοῦ</em></span> <span class='ocrx_word' id='word_1_65' title='bbox 356 825 692 884; x_wconf 63' lang='grc' dir='ltr'><em>θεραπεύοντος</em></span> <span class='ocrx_word' id='word_1_66' title='bbox 723 824 970 880; x_wconf 74' lang='grc' dir='ltr'><em>πράξεων,)</em></span> <span class='ocrx_word' id='word_1_67' title='bbox 1004 823 1255 868; x_wconf 84' lang='lat' dir='ltr'><em>diceremus</em></span> <span class='ocrx_word' id='word_1_68' title='bbox 1282 828 1328 867; x_wconf 83' lang='lat' dir='ltr'><em>in</em></span> <span class='ocrx_word' id='word_1_69' title='bbox 1363 825 1484 867; x_wconf 78' lang='lat' dir='ltr'><em>hunc</em></span> <span class='ocrx_word' id='word_1_70' title='bbox 1509 827 1667 878; x_wconf 83' lang='lat' dir='ltr'><em>locum,</em></span> 
     </span>
     <span class='ocr_line' id='line_1_11' title="bbox 246 901 1668 960; baseline -0.003 -10"><span class='ocrx_word' id='word_1_71' title='bbox 246 916 297 950; x_wconf 83' lang='lat' dir='ltr'><em>ut</em></span> <span class='ocrx_word' id='word_1_72' title='bbox 326 905 380 949; x_wconf 85' lang='lat' dir='ltr'><em>de</em></span> <span class='ocrx_word' id='word_1_73' title='bbox 411 908 558 947; x_wconf 79' lang='lat' dir='ltr'><em>tantis</em></span> <span class='ocrx_word' id='word_1_74' title='bbox 589 905 726 944; x_wconf 84' lang='lat' dir='ltr'><em>rebus</em></span> <span class='ocrx_word' id='word_1_75' title='bbox 757 901 1055 954; x_wconf 87' lang='lat' dir='ltr'><em>disserentes,</em></span> <span class='ocrx_word' id='word_1_76' title='bbox 1095 917 1211 960; x_wconf 85' lang='lat' dir='ltr'><em>quae</em></span> <span class='ocrx_word' id='word_1_77' title='bbox 1248 903 1303 947; x_wconf 88' lang='lat' dir='ltr'><em>de</em></span> <span class='ocrx_word' id='word_1_78' title='bbox 1334 906 1389 945; x_wconf 84' lang='lat' dir='ltr'><em>iis</em></span> <span class='ocrx_word' id='word_1_79' title='bbox 1419 903 1668 960; x_wconf 80' lang='lat' dir='ltr'><em>cogitando</em></span> 
     </span>
     <span class='ocr_line' id='line_1_12' title="bbox 245 982 1668 1041; baseline -0.003 -13"><span class='ocrx_word' id='word_1_80' title='bbox 245 987 457 1041; x_wconf 72' lang='lat' dir='ltr'><em>consequi</em></span> <span class='ocrx_word' id='word_1_81' title='bbox 479 995 727 1039; x_wconf 77' lang='lat' dir='ltr'><em>possumus.</em></span> <span class='ocrx_word' id='word_1_82' title='bbox 796 982 856 1022; x_wconf 87' lang='lat' dir='ltr'><em>Ex</em></span> <span class='ocrx_word' id='word_1_83' title='bbox 899 982 1050 1037; x_wconf 78' lang='lat' dir='ltr'><em>quibus</em></span> <span class='ocrx_word' id='word_1_84' title='bbox 1090 994 1227 1037; x_wconf 80' lang='lat' dir='ltr'><em>patet,</em></span> <span class='ocrx_word' id='word_1_85' title='bbox 1275 999 1361 1023; x_wconf 86' lang='lat' dir='ltr'><em>non</em></span> <span class='ocrx_word' id='word_1_86' title='bbox 1403 982 1668 1038; x_wconf 76' lang='lat' dir='ltr'><em>displicuisse</em></span> 
     </span>
     <span class='ocr_line' id='line_1_13' title="bbox 243 1059 1668 1117; baseline -0.004 -11"><span class='ocrx_word' id='word_1_87' title='bbox 243 1063 433 1117; x_wconf 76' lang='lat' dir='ltr'><em>Origeni,</em></span> <span class='ocrx_word' id='word_1_88' title='bbox 463 1072 510 1101; x_wconf 91' lang='lat' dir='ltr'><em>ut</em></span> <span class='ocrx_word' id='word_1_89' title='bbox 542 1060 713 1116; x_wconf 81' lang='lat' dir='ltr'><em>quidam</em></span> <span class='ocrx_word' id='word_1_90' title='bbox 745 1059 994 1109; x_wconf 82' lang='lat' dir='ltr'><em>existimant,</em></span> <span class='ocrx_word' id='word_1_91' title='bbox 1024 1059 1229 1099; x_wconf 86' lang='lat' dir='ltr'><em>honorem</em></span> <span class='ocrx_word' id='word_1_92' title='bbox 1254 1059 1389 1110; x_wconf 88' lang='lat' dir='ltr'><em>illum,</em></span> <span class='ocrx_word' id='word_1_93' title='bbox 1421 1078 1548 1117; x_wconf 87' lang='lat' dir='ltr'><em>quem</em></span> <span class='ocrx_word' id='word_1_94' title='bbox 1569 1063 1668 1102; x_wconf 82' lang='lat' dir='ltr'><em>bea-</em></span> 
     </span>
     <span class='ocr_line' id='line_1_14' title="bbox 242 1137 1670 1197; baseline -0.002 -14"><span class='ocrx_word' id='word_1_95' title='bbox 242 1142 294 1183; x_wconf 74' lang='lat' dir='ltr'><em>tis</em></span> <span class='ocrx_word' id='word_1_96' title='bbox 324 1140 543 1197; x_wconf 78' lang='lat' dir='ltr'><em>spiritibus</em></span> <span class='ocrx_word' id='word_1_97' title='bbox 574 1154 742 1194; x_wconf 83' lang='lat' dir='ltr'>semper</span> <span class='ocrx_word' id='word_1_98' title='bbox 772 1137 920 1178; x_wconf 81' lang='lat' dir='ltr'><em>habuit</em></span> <span class='ocrx_word' id='word_1_99' title='bbox 952 1137 1148 1187; x_wconf 75' lang='lat' dir='ltr'><em>ecclesia,</em></span> <span class='ocrx_word' id='word_1_100' title='bbox 1189 1154 1236 1178; x_wconf 81' lang='lat' dir='ltr'><em>ac</em></span> <span class='ocrx_word' id='word_1_101' title='bbox 1274 1154 1442 1194; x_wconf 88' lang='lat' dir='ltr'><strong>semper</strong></span> <span class='ocrx_word' id='word_1_102' title='bbox 1485 1140 1670 1189; x_wconf 76' lang='lat' dir='ltr'><strong>habebit,</strong></span> 
     </span>
     <span class='ocr_line' id='line_1_15' title="bbox 242 1214 1671 1272; baseline -0.001 -12"><span class='ocrx_word' id='word_1_103' title='bbox 242 1221 315 1262; x_wconf 90' lang='lat' dir='ltr'><em>sed</em></span> <span class='ocrx_word' id='word_1_104' title='bbox 348 1235 458 1267; x_wconf 87' lang='lat' dir='ltr'><em>eum,</em></span> <span class='ocrx_word' id='word_1_105' title='bbox 490 1233 616 1272; x_wconf 90' lang='lat' dir='ltr'><em>quem</em></span> <span class='ocrx_word' id='word_1_106' title='bbox 647 1216 818 1256; x_wconf 84' lang='lat' dir='ltr'><em>volebat</em></span> <span class='ocrx_word' id='word_1_107' title='bbox 850 1215 1017 1263; x_wconf 81' lang='lat' dir='ltr'><em>Celsus,</em></span> <span class='ocrx_word' id='word_1_108' title='bbox 1059 1214 1131 1270; x_wconf 83' lang='lat' dir='ltr'><em>qui</em></span> <span class='ocrx_word' id='word_1_109' title='bbox 1172 1232 1268 1255; x_wconf 88' lang='lat' dir='ltr'><em>cum</em></span> <span class='ocrx_word' id='word_1_110' title='bbox 1309 1216 1391 1256; x_wconf 82' lang='lat' dir='ltr'><em>soli</em></span> <span class='ocrx_word' id='word_1_111' title='bbox 1423 1217 1518 1258; x_wconf 92' lang='lat' dir='ltr'><em>Deo</em></span> <span class='ocrx_word' id='word_1_112' title='bbox 1552 1218 1671 1258; x_wconf 82' lang='lat' dir='ltr'><em>debi-</em></span> 
     </span>
     <span class='ocr_line' id='line_1_16' title="bbox 241 1291 1670 1349; baseline -0.002 -10"><span class='ocrx_word' id='word_1_113' title='bbox 241 1311 307 1339; x_wconf 87' lang='lat' dir='ltr'><em>tus</em></span> <span class='ocrx_word' id='word_1_114' title='bbox 338 1297 404 1345; x_wconf 82' lang='lat' dir='ltr'><em>sit,</em></span> <span class='ocrx_word' id='word_1_115' title='bbox 435 1295 523 1336; x_wconf 70' lang='lat' dir='ltr'><em>sine</em></span> <span class='ocrx_word' id='word_1_116' title='bbox 554 1292 852 1348; x_wconf 80' lang='lat' dir='ltr'><em>superstitione</em></span> <span class='ocrx_word' id='word_1_117' title='bbox 884 1291 1040 1343; x_wconf 81' lang='lat' dir='ltr'><em>angelis</em></span> <span class='ocrx_word' id='word_1_118' title='bbox 1069 1291 1327 1333; x_wconf 83' lang='lat' dir='ltr'><em>deferrinon</em></span> <span class='ocrx_word' id='word_1_119' title='bbox 1344 1306 1499 1349; x_wconf 88' lang='lat' dir='ltr'><em>potest.</em></span> <span class='ocrx_word' id='word_1_120' title='bbox 1546 1296 1670 1336; x_wconf 91' lang='lat' dir='ltr'>Hunc</span> 
     </span>
     <span class='ocr_line' id='line_1_17' title="bbox 244 1368 1669 1428; baseline -0.002 -11"><span class='ocrx_word' id='word_1_121' title='bbox 244 1376 406 1417; x_wconf 88' lang='lat' dir='ltr'><strong>cultum</strong></span> <span class='ocrx_word' id='word_1_122' title='bbox 447 1372 528 1413; x_wconf 78' lang='lat' dir='ltr'><em>soli</em></span> <span class='ocrx_word' id='word_1_123' title='bbox 573 1370 690 1412; x_wconf 72' lang='lat' dir='ltr'>Patri</span> <span class='ocrx_word' id='word_1_124' title='bbox 731 1369 903 1426; x_wconf 82' lang='lat' dir='ltr'><em>ejusque</em></span> <span class='ocrx_word' id='word_1_125' title='bbox 941 1368 1057 1409; x_wconf 87' lang='lat' dir='ltr'><em>Filio</em></span> <span class='ocrx_word' id='word_1_126' title='bbox 1099 1382 1258 1422; x_wconf 85' lang='lat' dir='ltr'><em>servat,</em></span> <span class='ocrx_word' id='word_1_127' title='bbox 1298 1387 1345 1411; x_wconf 85' lang='lat' dir='ltr'><em>ac</em></span> <span class='ocrx_word' id='word_1_128' title='bbox 1389 1383 1616 1428; x_wconf 87' lang='lat' dir='ltr'><em>utrumque</em></span> <span class='ocrx_word' id='word_1_129' title='bbox 1648 1391 1669 1414; x_wconf 84' lang='lat' dir='ltr'><em>a</em></span> 
     </span>
     <span class='ocr_line' id='line_1_18' title="bbox 244 1445 1673 1504; baseline -0.001 -10"><span class='ocrx_word' id='word_1_130' title='bbox 244 1449 489 1494; x_wconf 82' lang='lat' dir='ltr'><em>Christianis</em></span> <span class='ocrx_word' id='word_1_131' title='bbox 530 1451 639 1490; x_wconf 73' lang='lat' dir='ltr'><em>totis</em></span> <span class='ocrx_word' id='word_1_132' title='bbox 678 1449 854 1489; x_wconf 77' lang='lat' dir='ltr'><em>viribus</em></span> <span class='ocrx_word' id='word_1_133' title='bbox 891 1445 1188 1502; x_wconf 74' lang='lat' dir='ltr'><em>supplicando</em></span> <span class='ocrx_word' id='word_1_134' title='bbox 1227 1454 1274 1489; x_wconf 86' lang='lat' dir='ltr'><em>et</em></span> <span class='ocrx_word' id='word_1_135' title='bbox 1309 1447 1543 1504; x_wconf 82' lang='lat' dir='ltr'><em>precando</em></span> <span class='ocrx_word' id='word_1_136' title='bbox 1584 1451 1673 1492; x_wconf 81' lang='lat' dir='ltr'><em>coli</em></span> 
     </span>
     <span class='ocr_line' id='line_1_19' title="bbox 242 1524 1666 1572; baseline -0.001 -1"><span class='ocrx_word' id='word_1_137' title='bbox 242 1529 545 1572; x_wconf 78' lang='lat' dir='ltr'><em>demonstrat.</em></span> <span class='ocrx_word' id='word_1_138' title='bbox 608 1526 694 1568; x_wconf 91' lang='lat' dir='ltr'><em>Cur</em></span> <span class='ocrx_word' id='word_1_139' title='bbox 731 1537 873 1566; x_wconf 83' lang='lat' dir='ltr'><em>autem</em></span> <span class='ocrx_word' id='word_1_140' title='bbox 915 1524 1142 1566; x_wconf 80' lang='lat' dir='ltr'><em>Christiani</em></span> <span class='ocrx_word' id='word_1_141' title='bbox 1181 1525 1394 1567; x_wconf 84' lang='lat' dir='ltr'><strong>Christum</strong></span> <span class='ocrx_word' id='word_1_142' title='bbox 1436 1544 1531 1568; x_wconf 87' lang='lat' dir='ltr'><em>cum</em></span> <span class='ocrx_word' id='word_1_143' title='bbox 1570 1529 1666 1569; x_wconf 93' lang='lat' dir='ltr'><em>Deo</em></span> 
     </span>
     <span class='ocr_line' id='line_1_20' title="bbox 242 1602 1669 1661; baseline -0.003 -11"><span class='ocrx_word' id='word_1_144' title='bbox 242 1610 454 1656; x_wconf 81' lang='lat' dir='ltr'><em>colerent,</em></span> <span class='ocrx_word' id='word_1_145' title='bbox 486 1607 557 1646; x_wconf 90' lang='lat' dir='ltr'><em>has</em></span> <span class='ocrx_word' id='word_1_146' title='bbox 588 1604 715 1645; x_wconf 86' lang='lat' dir='ltr'><em>affert</em></span> <span class='ocrx_word' id='word_1_147' title='bbox 742 1604 941 1652; x_wconf 82' lang='lat' dir='ltr'><em>rationes,</em></span> <span class='ocrx_word' id='word_1_148' title='bbox 971 1615 1018 1644; x_wconf 88' lang='lat' dir='ltr'><em>ut</em></span> <span class='ocrx_word' id='word_1_149' title='bbox 1048 1602 1132 1660; x_wconf 81' lang='lat' dir='ltr'><em>jam</em></span> <span class='ocrx_word' id='word_1_150' title='bbox 1163 1604 1404 1654; x_wconf 82' lang='lat' dir='ltr'><em>observavi,</em></span> <span class='ocrx_word' id='word_1_151' title='bbox 1444 1606 1561 1661; x_wconf 91' lang='lat' dir='ltr'><em>quod</em></span> <span class='ocrx_word' id='word_1_152' title='bbox 1591 1606 1669 1646; x_wconf 84' lang='lat' dir='ltr'><em>Pa-</em></span> 
     </span>
     <span class='ocr_line' id='line_1_21' title="bbox 241 1680 1666 1738; baseline -0.004 -9"><span class='ocrx_word' id='word_1_153' title='bbox 241 1701 308 1729; x_wconf 82' lang='lat' dir='ltr'><em>ter</em></span> <span class='ocrx_word' id='word_1_154' title='bbox 337 1687 390 1728; x_wconf 76' lang='lat' dir='ltr'><em>sit</em></span> <span class='ocrx_word' id='word_1_155' title='bbox 420 1686 463 1726; x_wconf 65' lang='lat' dir='ltr'><em>{n</em></span> <span class='ocrx_word' id='word_1_156' title='bbox 493 1683 626 1733; x_wconf 84' lang='lat' dir='ltr'><em>Filio,</em></span> <span class='ocrx_word' id='word_1_157' title='bbox 659 1694 700 1723; x_wconf 88' lang='lat' dir='ltr'><em>et</em></span> <span class='ocrx_word' id='word_1_158' title='bbox 728 1681 868 1722; x_wconf 88' lang='lat' dir='ltr'>Filius</span> <span class='ocrx_word' id='word_1_159' title='bbox 899 1680 942 1721; x_wconf 79' lang='lat' dir='ltr'><em>in</em></span> <span class='ocrx_word' id='word_1_160' title='bbox 972 1681 1119 1734; x_wconf 80' lang='lat' dir='ltr'><em>Patre3</em></span> <span class='ocrx_word' id='word_1_161' title='bbox 1157 1683 1273 1738; x_wconf 89' lang='lat' dir='ltr'><em>quod</em></span> <span class='ocrx_word' id='word_1_162' title='bbox 1304 1682 1429 1723; x_wconf 84' lang='lat' dir='ltr'><em>Pater</em></span> <span class='ocrx_word' id='word_1_163' title='bbox 1461 1694 1501 1723; x_wconf 88' lang='lat' dir='ltr'><em>et</em></span> <span class='ocrx_word' id='word_1_164' title='bbox 1529 1682 1666 1724; x_wconf 85' lang='lat' dir='ltr'><em>Filius</em></span> 
     </span>
     <span class='ocr_line' id='line_1_22' title="bbox 240 1758 1665 1814; baseline -0.004 -7"><span class='ocrx_word' id='word_1_165' title='bbox 240 1783 370 1807; x_wconf 88' lang='lat' dir='ltr'><em>unum</em></span> <span class='ocrx_word' id='word_1_166' title='bbox 403 1764 486 1805; x_wconf 80' lang='lat' dir='ltr'><em>sint</em></span> <span class='ocrx_word' id='word_1_167' title='bbox 516 1761 766 1804; x_wconf 79' lang='lat' dir='ltr'><em>identitate</em></span> <span class='ocrx_word' id='word_1_168' title='bbox 798 1758 1072 1808; x_wconf 68' lang='lat' dir='ltr'><em>voluntatis,·</em></span> <span class='ocrx_word' id='word_1_169' title='bbox 1117 1760 1233 1814; x_wconf 89' lang='lat' dir='ltr'><em>quod</em></span> <span class='ocrx_word' id='word_1_170' title='bbox 1259 1758 1385 1814; x_wconf 91' lang='lat' dir='ltr'><em>fides</em></span> <span class='ocrx_word' id='word_1_171' title='bbox 1424 1767 1589 1802; x_wconf 84' lang='lat' dir='ltr'><em>nostra</em></span> <span class='ocrx_word' id='word_1_172' title='bbox 1618 1764 1665 1802; x_wconf 80' lang='lat' dir='ltr'><em>in</em></span> 
     </span>
     <span class='ocr_line' id='line_1_23' title="bbox 241 1835 1666 1894; baseline -0.004 -9"><span class='ocrx_word' id='word_1_173' title='bbox 241 1844 341 1887; x_wconf 92' lang='lat' dir='ltr'><em>Deo</em></span> <span class='ocrx_word' id='word_1_174' title='bbox 374 1844 596 1883; x_wconf 74' lang='lat' dir='ltr'><em>consistat</em></span> <span class='ocrx_word' id='word_1_175' title='bbox 623 1852 709 1894; x_wconf 73' lang='lat' dir='ltr'><em>per</em></span> <span class='ocrx_word' id='word_1_176' title='bbox 740 1841 879 1894; x_wconf 74' lang='lat' dir='ltr'><em>ipsius</em></span> <span class='ocrx_word' id='word_1_177' title='bbox 908 1835 952 1878; x_wconf 85' lang='lat' dir='ltr'><em>F</em></span> <span class='ocrx_word' id='word_1_178' title='bbox 951 1836 1093 1886; x_wconf 77' lang='lat' dir='ltr'><em>ilium,</em></span> <span class='ocrx_word' id='word_1_179' title='bbox 1127 1840 1321 1892; x_wconf 83' lang='lat' dir='ltr'><em>quieom</em></span> <span class='ocrx_word' id='word_1_180' title='bbox 1345 1840 1392 1878; x_wconf 84' lang='lat' dir='ltr'><em>in</em></span> <span class='ocrx_word' id='word_1_181' title='bbox 1414 1839 1541 1879; x_wconf 83' lang='lat' dir='ltr'><em>nobis</em></span> <span class='ocrx_word' id='word_1_182' title='bbox 1562 1852 1666 1880; x_wconf 80' lang='lat' dir='ltr'><em>con-</em></span> 
     </span>
     <span class='ocr_line' id='line_1_24' title="bbox 230 1913 1664 1977; baseline -0.002 -16"><span class='ocrx_word' id='word_1_183' title='bbox 230 1921 404 1977; x_wconf 82' lang='lat' dir='ltr'><em>firmat</em></span> <span class='ocrx_word' id='word_1_184' title='bbox 416 1938 430 1970; x_wconf 89' lang='lat'><em>;</em></span> <span class='ocrx_word' id='word_1_185' title='bbox 469 1919 586 1975; x_wconf 88' lang='lat' dir='ltr'><em>quod</em></span> <span class='ocrx_word' id='word_1_186' title='bbox 618 1918 812 1959; x_wconf 83' lang='lat' dir='ltr'><em>Patrem</em></span> <span class='ocrx_word' id='word_1_187' title='bbox 842 1915 1066 1966; x_wconf 83' lang='lat' dir='ltr'><em>colamus,</em></span> <span class='ocrx_word' id='word_1_188' title='bbox 1108 1913 1214 1956; x_wconf 83' lang='lat' dir='ltr'><em>dum</em></span> <span class='ocrx_word' id='word_1_189' title='bbox 1244 1917 1340 1972; x_wconf 82' lang='lat' dir='ltr'><em>ejus</em></span> <span class='ocrx_word' id='word_1_190' title='bbox 1368 1915 1542 1958; x_wconf 82' lang='lat' dir='ltr'><em>Filium</em></span> <span class='ocrx_word' id='word_1_191' title='bbox 1573 1915 1664 1958; x_wconf 80' lang='lat' dir='ltr'><em>ad-</em></span> 
     </span>
     <span class='ocr_line' id='line_1_25' title="bbox 241 1992 1666 2051; baseline -0.004 -11"><span class='ocrx_word' id='word_1_192' title='bbox 241 2002 487 2046; x_wconf 76' lang='lat' dir='ltr'><em>miramur,</em></span> <span class='ocrx_word' id='word_1_193' title='bbox 516 1997 596 2051; x_wconf 84' lang='lat' dir='ltr'><em>qui</em></span> <span class='ocrx_word' id='word_1_194' title='bbox 621 2001 688 2037; x_wconf 85' lang='lat' dir='ltr'><em>est</em></span> <span class='ocrx_word' id='word_1_195' title='bbox 729 1992 937 2046; x_wconf 81' lang='lat' dir='ltr'><em>Verbum,</em></span> <span class='ocrx_word' id='word_1_196' title='bbox 969 2001 1015 2035; x_wconf 87' lang='lat' dir='ltr'><em>et</em></span> <span class='ocrx_word' id='word_1_197' title='bbox 1044 1995 1296 2049; x_wconf 73' lang='lat' dir='ltr'><em>sapientia,</em></span> <span class='ocrx_word' id='word_1_198' title='bbox 1328 1999 1374 2035; x_wconf 82' lang='lat' dir='ltr'><em>et</em></span> <span class='ocrx_word' id='word_1_199' title='bbox 1404 1997 1589 2042; x_wconf 80' lang='lat' dir='ltr'><em>veritas,</em></span> <span class='ocrx_word' id='word_1_200' title='bbox 1620 2001 1666 2035; x_wconf 83' lang='lat' dir='ltr'><em>ee</em></span> 
     </span>
     <span class='ocr_line' id='line_1_26' title="bbox 233 2069 1666 2134; baseline -0.003 -17"><span class='ocrx_word' id='word_1_201' title='bbox 233 2077 442 2134; x_wconf 78' lang='lat' dir='ltr'><em>justitia,</em></span> <span class='ocrx_word' id='word_1_202' title='bbox 473 2080 518 2114; x_wconf 82' lang='lat' dir='ltr'><em>et</em></span> <span class='ocrx_word' id='word_1_203' title='bbox 550 2074 705 2113; x_wconf 85' lang='lat' dir='ltr'><em>omnia</em></span> <span class='ocrx_word' id='word_1_204' title='bbox 726 2084 1020 2129; x_wconf 83' lang='lat' dir='ltr'><em>quaecuuque</em></span> <span class='ocrx_word' id='word_1_205' title='bbox 1044 2084 1137 2114; x_wconf 78' lang='lat' dir='ltr'><em>esse</em></span> <span class='ocrx_word' id='word_1_206' title='bbox 1163 2069 1416 2120; x_wconf 76' lang='lat' dir='ltr'><em>didicimus,</em></span> <span class='ocrx_word' id='word_1_207' title='bbox 1448 2079 1500 2112; x_wconf 89' lang='lat' dir='ltr'><em>ut</em></span> <span class='ocrx_word' id='word_1_208' title='bbox 1520 2073 1666 2127; x_wconf 76' lang='lat' dir='ltr'><em>ipsum</em></span> 
     </span>
     <span class='ocr_line' id='line_1_27' title="bbox 242 2149 1551 2205; baseline -0.007 -8"><span class='ocrx_word' id='word_1_209' title='bbox 242 2154 408 2203; x_wconf 81' lang='lat' dir='ltr'><em>Deum,</em></span> <span class='ocrx_word' id='word_1_210' title='bbox 440 2153 512 2193; x_wconf 87' lang='lat' dir='ltr'><em>ita</em></span> <span class='ocrx_word' id='word_1_211' title='bbox 544 2155 589 2191; x_wconf 89' lang='lat' dir='ltr'><em>et</em></span> <span class='ocrx_word' id='word_1_212' title='bbox 620 2163 736 2198; x_wconf 83' lang='lat' dir='ltr'><em>eum,</em></span> <span class='ocrx_word' id='word_1_213' title='bbox 768 2151 846 2205; x_wconf 83' lang='lat' dir='ltr'><em>qui</em></span> <span class='ocrx_word' id='word_1_214' title='bbox 871 2161 934 2194; x_wconf 74' lang='lat' dir='ltr'><em>ea:</em></span> <span class='ocrx_word' id='word_1_215' title='bbox 965 2149 1055 2191; x_wconf 80' lang='lat' dir='ltr'><em>tali</em></span> <span class='ocrx_word' id='word_1_216' title='bbox 1083 2149 1228 2191; x_wconf 87' lang='lat' dir='ltr'><em>Patre</em></span> <span class='ocrx_word' id='word_1_217' title='bbox 1253 2150 1442 2204; x_wconf 81' lang='lat' dir='ltr'><em>genitus</em></span> <span class='ocrx_word' id='word_1_218' title='bbox 1471 2155 1551 2191; x_wconf 83' lang='lat' dir='ltr'><em>est.</em></span> 
     </span>
     <span class='ocr_line' id='line_1_28' title="bbox 356 2226 1665 2283; baseline -0.002 -12"><span class='ocrx_word' id='word_1_219' title='bbox 356 2230 464 2272; x_wconf 87' lang='lat' dir='ltr'><em>Cum</em></span> <span class='ocrx_word' id='word_1_220' title='bbox 494 2244 593 2280; x_wconf 80' lang='lat' dir='ltr'><em>ergo</em></span> <span class='ocrx_word' id='word_1_221' title='bbox 625 2227 922 2283; x_wconf 85' lang='lat' dir='ltr'><em>aequalitatem</em></span> <span class='ocrx_word' id='word_1_222' title='bbox 961 2226 1098 2267; x_wconf 78' lang='lat' dir='ltr'><em>Patris</em></span> <span class='ocrx_word' id='word_1_223' title='bbox 1132 2238 1180 2277; x_wconf 25' lang='lat' dir='ltr'><em>*et</em></span> <span class='ocrx_word' id='word_1_224' title='bbox 1217 2226 1342 2276; x_wconf 84' lang='lat' dir='ltr'><em>Filii,</em></span> <span class='ocrx_word' id='word_1_225' title='bbox 1381 2243 1428 2267; x_wconf 85' lang='lat' dir='ltr'><em>ac</em></span> <span class='ocrx_word' id='word_1_226' title='bbox 1458 2228 1665 2269; x_wconf 81' lang='lat' dir='ltr'><em>unitatem</em></span> 
     </span>
     <span class='ocr_line' id='line_1_29' title="bbox 242 2303 1662 2358; baseline -0.001 -8"><span class='ocrx_word' id='word_1_227' title='bbox 242 2307 444 2350; x_wconf 79' lang='lat' dir='ltr'><em>essentiae</em></span> <span class='ocrx_word' id='word_1_228' title='bbox 483 2318 570 2347; x_wconf 86' lang='lat' dir='ltr'><em>tam</em></span> <span class='ocrx_word' id='word_1_229' title='bbox 607 2305 761 2346; x_wconf 85' lang='lat' dir='ltr'><em>diserte</em></span> <span class='ocrx_word' id='word_1_230' title='bbox 801 2304 1011 2345; x_wconf 83' lang='lat' dir='ltr'><em>declaret:</em></span> <span class='ocrx_word' id='word_1_231' title='bbox 1054 2320 1128 2343; x_wconf 92' lang='lat' dir='ltr'><em>cur</em></span> <span class='ocrx_word' id='word_1_232' title='bbox 1165 2303 1334 2344; x_wconf 83' lang='lat' dir='ltr'><em>Patrem</em></span> <span class='ocrx_word' id='word_1_233' title='bbox 1374 2305 1504 2358; x_wconf 79' lang='lat' dir='ltr'><em>magis</em></span> <span class='ocrx_word' id='word_1_234' title='bbox 1545 2323 1662 2348; x_wconf 86' lang='lat' dir='ltr'><em>oran-</em></span> 
     </span>
     <span class='ocr_line' id='line_1_30' title="bbox 241 2380 1663 2440; baseline -0.002 -12"><span class='ocrx_word' id='word_1_235' title='bbox 241 2387 344 2428; x_wconf 90' lang='lat' dir='ltr'><em>dum</em></span> <span class='ocrx_word' id='word_1_236' title='bbox 375 2401 462 2426; x_wconf 89' lang='lat' dir='ltr'><em>esse</em></span> <span class='ocrx_word' id='word_1_237' title='bbox 495 2399 621 2440; x_wconf 85' lang='lat' dir='ltr'><em>quam</em></span> <span class='ocrx_word' id='word_1_238' title='bbox 650 2381 812 2423; x_wconf 87' lang='lat' dir='ltr'><em>Filium</em></span> <span class='ocrx_word' id='word_1_239' title='bbox 845 2380 1083 2422; x_wconf 85' lang='lat' dir='ltr'><em>existimat?</em></span> <span class='ocrx_word' id='word_1_240' title='bbox 1126 2397 1200 2421; x_wconf 88' lang='lat' dir='ltr'><em>cur</em></span> <span class='ocrx_word' id='word_1_241' title='bbox 1237 2382 1529 2437; x_wconf 78' lang='lat' dir='ltr'><em>precationem</em></span> <span class='ocrx_word' id='word_1_242' title='bbox 1560 2401 1663 2440; x_wconf 82' lang='lat' dir='ltr'><em>pro-</em></span> 
     </span>
     <span class='ocr_line' id='line_1_31' title="bbox 239 2458 1660 2520; baseline -0.001 -16"><span class='ocrx_word' id='word_1_243' title='bbox 239 2463 332 2520; x_wconf 83' lang='lat' dir='ltr'><em>prie</em></span> <span class='ocrx_word' id='word_1_244' title='bbox 365 2462 520 2503; x_wconf 78' lang='lat' dir='ltr'><em>dictam</em></span> <span class='ocrx_word' id='word_1_245' title='bbox 550 2460 632 2501; x_wconf 82' lang='lat' dir='ltr'><em>soli</em></span> <span class='ocrx_word' id='word_1_246' title='bbox 662 2460 830 2500; x_wconf 88' lang='lat' dir='ltr'><em>videtur</em></span> <span class='ocrx_word' id='word_1_247' title='bbox 858 2458 973 2500; x_wconf 83' lang='lat' dir='ltr'><em>Patri</em></span> <span class='ocrx_word' id='word_1_248' title='bbox 1006 2458 1202 2499; x_wconf 86' lang='lat' dir='ltr'><em>servare?</em></span> <span class='ocrx_word' id='word_1_249' title='bbox 1241 2460 1338 2500; x_wconf 80' lang='lat' dir='ltr'><em>Non</em></span> <span class='ocrx_word' id='word_1_250' title='bbox 1377 2460 1420 2500; x_wconf 85' lang='lat' dir='ltr'><em>id</em></span> <span class='ocrx_word' id='word_1_251' title='bbox 1461 2462 1660 2516; x_wconf 87' lang='lat' dir='ltr'><em>profecto</em></span> 
     </span>
     <span class='ocr_line' id='line_1_32' title="bbox 238 2535 1666 2598; baseline -0.001 -17"><span class='ocrx_word' id='word_1_252' title='bbox 238 2539 461 2598; x_wconf 74' lang='lat' dir='ltr'><em>praecipit,</em></span> <span class='ocrx_word' id='word_1_253' title='bbox 492 2550 539 2579; x_wconf 90' lang='lat' dir='ltr'><em>ut</em></span> <span class='ocrx_word' id='word_1_254' title='bbox 568 2538 738 2579; x_wconf 85' lang='lat' dir='ltr'><em>Patrem</em></span> <span class='ocrx_word' id='word_1_255' title='bbox 759 2536 924 2593; x_wconf 76' lang='lat' dir='ltr'><em>saepius</em></span> <span class='ocrx_word' id='word_1_256' title='bbox 949 2552 1073 2593; x_wconf 82' lang='lat' dir='ltr'><em>quam</em></span> <span class='ocrx_word' id='word_1_257' title='bbox 1095 2535 1269 2586; x_wconf 87' lang='lat' dir='ltr'><em>Filium,</em></span> <span class='ocrx_word' id='word_1_258' title='bbox 1301 2552 1372 2578; x_wconf 87' lang='lat' dir='ltr'><em>aut</em></span> <span class='ocrx_word' id='word_1_259' title='bbox 1401 2537 1537 2579; x_wconf 83' lang='lat' dir='ltr'><em>acrius</em></span> <span class='ocrx_word' id='word_1_260' title='bbox 1568 2556 1666 2595; x_wconf 88' lang='lat' dir='ltr'><em>pre-</em></span> 
     </span>
     <span class='ocr_line' id='line_1_33' title="bbox 242 2614 1664 2671; baseline -0.001 -12"><span class='ocrx_word' id='word_1_261' title='bbox 242 2634 398 2667; x_wconf 89' lang='lat' dir='ltr'><em>cemur,</em></span> <span class='ocrx_word' id='word_1_262' title='bbox 434 2628 504 2657; x_wconf 84' lang='lat' dir='ltr'><em>aut</em></span> <span class='ocrx_word' id='word_1_263' title='bbox 534 2616 657 2671; x_wconf 87' lang='lat' dir='ltr'><em>plura</em></span> <span class='ocrx_word' id='word_1_264' title='bbox 696 2632 720 2656; x_wconf 89' lang='lat' dir='ltr'><em>a</em></span> <span class='ocrx_word' id='word_1_265' title='bbox 755 2615 880 2665; x_wconf 87' lang='lat' dir='ltr'><em>Patre</em></span> <span class='ocrx_word' id='word_1_266' title='bbox 912 2630 1035 2670; x_wconf 90' lang='lat' dir='ltr'><em>quam</em></span> <span class='ocrx_word' id='word_1_267' title='bbox 1076 2632 1098 2655; x_wconf 78' lang='lat' dir='ltr'><em>a</em></span> <span class='ocrx_word' id='word_1_268' title='bbox 1137 2614 1251 2654; x_wconf 88' lang='lat' dir='ltr'><em>Filio</em></span> <span class='ocrx_word' id='word_1_269' title='bbox 1283 2626 1532 2670; x_wconf 88' lang='lat' dir='ltr'><em>accepturos</em></span> <span class='ocrx_word' id='word_1_270' title='bbox 1564 2632 1664 2657; x_wconf 89' lang='lat' dir='ltr'><em>con-</em></span> 
     </span>
     <span class='ocr_line' id='line_1_34' title="bbox 239 2692 1663 2748; baseline -0.003 -11"><span class='ocrx_word' id='word_1_271' title='bbox 239 2696 442 2737; x_wconf 83' lang='lat' dir='ltr'><em>fidamus:</em></span> <span class='ocrx_word' id='word_1_272' title='bbox 485 2709 580 2733; x_wconf 89' lang='lat' dir='ltr'><em>cum</em></span> <span class='ocrx_word' id='word_1_273' title='bbox 619 2692 735 2734; x_wconf 87' lang='lat' dir='ltr'><em>Filio</em></span> <span class='ocrx_word' id='word_1_274' title='bbox 778 2692 919 2733; x_wconf 82' lang='lat' dir='ltr'><em>omnia</em></span> <span class='ocrx_word' id='word_1_275' title='bbox 955 2692 1135 2742; x_wconf 84' lang='lat' dir='ltr'><em>tribuat,</em></span> <span class='ocrx_word' id='word_1_276' title='bbox 1178 2708 1450 2748; x_wconf 87' lang='lat' dir='ltr'><em>quaecunque</em></span> <span class='ocrx_word' id='word_1_277' title='bbox 1492 2694 1663 2734; x_wconf 86' lang='lat' dir='ltr'><em>suntin</em></span> 
     </span>
     <span class='ocr_line' id='line_1_35' title="bbox 241 2767 1661 2826; baseline -0.001 -12"><span class='ocrx_word' id='word_1_278' title='bbox 241 2774 390 2823; x_wconf 83' lang='lat' dir='ltr'><em>Patre,</em></span> <span class='ocrx_word' id='word_1_279' title='bbox 440 2783 481 2812; x_wconf 87' lang='lat' dir='ltr'><em>et</em></span> <span class='ocrx_word' id='word_1_280' title='bbox 508 2782 736 2826; x_wconf 86' lang='lat' dir='ltr'><em>utrumque</em></span> <span class='ocrx_word' id='word_1_281' title='bbox 785 2771 894 2812; x_wconf 81' lang='lat' dir='ltr'><em>totis</em></span> <span class='ocrx_word' id='word_1_282' title='bbox 929 2767 1100 2811; x_wconf 78' lang='lat' dir='ltr'><em>viribus</em></span> <span class='ocrx_word' id='word_1_283' title='bbox 1138 2768 1435 2825; x_wconf 79' lang='lat' dir='ltr'><em>supplicando</em></span> <span class='ocrx_word' id='word_1_284' title='bbox 1476 2777 1522 2811; x_wconf 79' lang='lat' dir='ltr'><em>et</em></span> <span class='ocrx_word' id='word_1_285' title='bbox 1554 2783 1661 2826; x_wconf 82' lang='lat' dir='ltr'><em>pre-</em></span> 
     </span>
     <span class='ocr_line' id='line_1_36' title="bbox 244 2847 1658 2903; baseline -0.004 -11"><span class='ocrx_word' id='word_1_286' title='bbox 244 2847 392 2892; x_wconf 83' lang='lat' dir='ltr'><em>cando</em></span> <span class='ocrx_word' id='word_1_287' title='bbox 422 2849 512 2891; x_wconf 76' lang='lat' dir='ltr'><em>coli</em></span> <span class='ocrx_word' id='word_1_288' title='bbox 538 2848 739 2890; x_wconf 85' lang='lat' dir='ltr'><em>declaret.</em></span> <span class='ocrx_word' id='word_1_289' title='bbox 806 2849 954 2903; x_wconf 85' lang='lat' dir='ltr'><em>Neque</em></span> <span class='ocrx_word' id='word_1_290' title='bbox 987 2849 1110 2889; x_wconf 81' lang='lat' dir='ltr'><em>etiam</em></span> <span class='ocrx_word' id='word_1_291' title='bbox 1141 2847 1308 2889; x_wconf 81' lang='lat' dir='ltr'><em>subtilis</em></span> <span class='ocrx_word' id='word_1_292' title='bbox 1340 2848 1411 2888; x_wconf 83' lang='lat' dir='ltr'><em>illa</em></span> <span class='ocrx_word' id='word_1_293' title='bbox 1445 2847 1658 2889; x_wconf 85' lang='lat' dir='ltr'><em>distinctio</em></span> 
     </span>
    </p>
   </div>
  </div>
 </body>
</html>
