1759 3125
651 111 890 152 Exconsus
931 110 960 149 Ι.
1436 114 1519 158 355

99 225 182 282 τὴν
219 226 381 269 ἑαυτοῦ
423 225 780 281 φιλανθρωπίαν
821 220 1095 277 ἀπεκρίνατο
1144 220 1402 279 διδάσκων,
1451 223 1516 269 ὅτι

99 307 202 354 πᾶς,
233 300 345 359 πρὸς
382 296 436 344 ὃν
477 298 499 343 ὁ
542 296 678 356 λόγος
715 301 794 342 τοῦ
824 301 936 342 θεοῦ
968 298 1172 355 ἐγένετο,
1204 301 1310 348 θεὸς
1340 303 1517 358 λέγεται

97 378 188 423 ὑπὸ
217 381 296 422 τοῦ
326 379 454 430 θεοῦ,
487 379 579 419 κτλ.
639 377 746 417 Cum
780 375 905 427 igitur
925 375 1113 416 Christus
1143 392 1232 416 sese
1254 377 1397 417 Deum
1429 396 1518 421 csse

100 457 214 506 dicit,
244 455 351 496 nihil
381 453 654 509 metaphorae
692 452 930 508 suspicatur
960 452 1187 505 Origenes,
1219 455 1292 495 sed
1320 455 1432 497 hunc
1463 459 1516 499 ti-

96 535 231 574 tulum
262 548 360 572 vere
402 532 453 571 ab
499 547 548 571 eo
580 530 659 571 sibi
688 541 918 571 assumtum
948 541 1089 584 putat;
1129 546 1226 570 cum
1270 544 1410 574 autem
1440 536 1517 576 Ju-

97 612 224 652 daeos
255 609 387 649 lenire
416 608 598 649 instituit
627 609 689 649 his
712 608 870 649 Psalmi
900 606 1059 648 verbis:
1089 607 1209 660 „Ego
1228 610 1265 663 ¹)
1298 610 1410 652 dixi:
1440 613 1516 653 Dii

99 688 257 729 estis:“
289 687 391 727 haec
420 687 473 726 ad
503 687 680 726 verbum
716 697 758 726 et
788 685 954 725 literam
984 701 1069 725 non
1100 684 1414 741 interpretatur,
1444 691 1519 731 sed

98 764 254 807 Christi
291 763 539 815 benignitati
575 763 798 804 tribuenda
837 761 1039 803 decernit.
1107 763 1298 813 Ibidem,
1338 765 1413 807 cfr.
1453 767 1519 809 ed.

96 854 226 884 nostr.
257 857 350 897 pag.
380 840 497 890 333.,
528 840 774 881 Pharisaeos
806 851 847 880 et
876 839 1103 895 pontifices
1134 840 1362 893 exagitans,
1401 846 1518 899 quod

99 937 193 960 cum
223 930 290 959 tot
319 918 424 958 mira
454 934 478 957 a
508 917 675 959 Christo
715 919 768 958 ad
807 917 988 958 aliorum
1027 917 1206 958 salutem
1241 920 1352 960 facta
1390 921 1518 962 vidis-

96 1008 201 1047 sent,
231 996 336 1036 nihil
366 1011 439 1035 sua
469 1011 564 1034 eum
605 1009 725 1034 causa
755 995 965 1034 facturum
995 996 1224 1050 putabant,
1255 996 1314 1037 sic
1346 997 1399 1038 de
1430 999 1518 1057 ejus

99 1072 408 1129 omnipotentia
446 1071 658 1127 loquitur:
695 1075 756 1113 Εἰ
793 1071 855 1129 μὴ
898 1068 985 1130 ἄρα
1024 1076 1102 1115 καὶ
1139 1073 1403 1131 ἐπίστευον,
1452 1075 1520 1121 ὅτι

98 1156 226 1195 ποιεῖ
250 1155 438 1208 σημεῖα,
483 1151 562 1192 καὶ
603 1146 836 1193 ὑπενόουν
867 1148 981 1192 αὐτὰ
1011 1148 1075 1205 μὴ
1108 1147 1200 1192 ἀπὸ
1232 1154 1362 1200 θείας
1389 1157 1517 1210 γίνε-

98 1235 207 1272 σθαι
238 1225 494 1286 δυνάμεως·
527 1223 640 1270 ὥστε
671 1225 747 1270 διὰ
780 1230 912 1270 τοῦτο
942 1225 1006 1285 μὴ
1037 1225 1188 1270 πάντα
1219 1227 1358 1272 αὐτὸν
1377 1231 1521 1287 δυνη-

99 1310 255 1362 θῆναι,
281 1306 399 1360 μηδὲ
423 1303 562 1348 αὑτὸν
583 1303 811 1363 ῥύσασθαι
842 1303 932 1347 ἀπὸ
955 1306 1031 1357 τῆς
1052 1305 1242 1348 ἐκείνων
1265 1305 1520 1365 ἐπιβουλῆς.

211 1385 300 1424 Nec
329 1381 482 1422 mirum
516 1397 630 1435 ergo,
663 1381 698 1422 si
726 1392 793 1422 tot
821 1380 927 1422 locis
959 1381 1163 1434 Origenes
1194 1398 1341 1424 verum
1364 1397 1405 1426 et
1433 1403 1522 1429 ma-

99 1476 224 1512 gnum
254 1460 396 1500 Deum
427 1459 617 1514 appellat
647 1458 873 1501 Christum.
945 1459 1017 1501 Sic
1048 1459 1240 1515 loquitur
1269 1461 1431 1507 Homil.
1464 1466 1520 1508 II„

101 1539 151 1578 de
186 1536 525 1594 Engastrimytho
556 1536 599 1576 in
630 1537 649 1576 I
681 1536 792 1577 Sam.
823 1536 1027 1577 XXVIII.
1076 1535 1252 1593 εὨσπερ
1283 1535 1526 1586 θάλασσαν

105 1614 186 1658 οὐκ
216 1607 272 1668 ἦν
312 1611 585 1668 ὁδοποιῆσαι
629 1610 656 1667 ἢ
694 1616 773 1656 τοῦ
811 1616 949 1668 θεοῦ,
1001 1616 1079 1656 καὶ
1119 1615 1199 1657 τοῦ
1237 1613 1401 1660 στί-λου
1441 1623 1522 1663 τοῦ

102 1696 318 1750 πυρίνου,
371 1693 449 1735 τοῦ
496 1689 660 1734 στόλου
704 1693 784 1734 τοῦ
825 1689 976 1748 φωτὸς
1014 1693 1094 1734 τοῦ
1136 1690 1229 1735 ἀπὸ
1269 1697 1348 1736 τοῦ
1378 1699 1520 1739 θεοῦ·

103 1768 254 1827 ὥσπερ
301 1766 381 1812 τὸν
420 1767 658 1828 Ἰορδάνην
705 1767 789 1812 οὐκ
827 1760 886 1823 ἦν
926 1766 1113 1817 οὐδενὸς
1155 1767 1454 1828 ὁδοποιῆσαι,
1496 1771 1525 1829 ἢ

101 1847 246 1902 Ἰησοῦ
278 1849 356 1890 τοῦ
389 1846 610 1900 ἀληθινοῦ
641 1846 768 1896 θεοῦ,
799 1836 895 1901 (οὗ)
926 1843 1067 1894 τύπος
1095 1839 1153 1900 ἦν
1182 1847 1353 1897 ἐκεῖνος
1384 1847 1406 1893 ὁ
1437 1848 1525 1906 Ἰη-

104 1927 235 1973 σοῦς·
270 1922 384 1967 οὕτω
416 1925 510 1967 κτλ.
579 1923 650 1965 Sic
689 1924 900 1965 Joannem
928 1922 1091 1964 inducit
1118 1923 1367 1979 loquentem
1397 1927 1523 1971 Tom.

103 2004 178 2045 VI.
223 2002 266 2043 in
296 2003 450 2044 Joann.
491 2018 607 2043 num.
640 2001 730 2051 17.‚
777 2000 844 2042 ed.
887 2011 1017 2042 nostr.
1065 2000 1257 2042 Tom.1.
1305 2018 1396 2058 pag.
1428 2005 1525 2054 225.

111 2081 347 2124 Τοσοῦτον
384 2081 439 2123 δέ
474 2079 596 2122 ἐστιν
640 2079 752 2133 ἐμοῦ
782 2075 1069 2136 ἰσχυρότερος
1099 2075 1122 2121 ὁ
1153 2078 1246 2133 μετ’
1280 2081 1361 2136 ἐμὲ
1391 2083 1527 2140 ἐρχό-

105 2173 266 2214 μενος,
308 2155 366 2205 ώς
403 2157 521 2213 μηδὲ
550 2156 605 2200 τὰ
636 2158 712 2211 τῆς
741 2157 985 2215 περιβολῆς
1013 2157 1105 2198 τῶν
1133 2159 1239 2214 περὶ
1270 2156 1410 2202 αὐτὸν
1441 2162 1527 2204 δυ-

107 2233 290 2291 νάμεων
321 2233 548 2291 ἐσχάτων,
596 2257 648 2263 -
694 2232 798 2289 οὐχὶ
834 2235 1025 2290 γυμνῶν
1065 2234 1361 2292 ἐκκειμένων,
1413 2235 1528 2283 ὥστε

108 2315 186 2356 καὶ
216 2309 318 2360 τούς
347 2310 565 2368 τυχόντας
595 2317 720 2355 νοεῖν
758 2309 872 2354 αὐτὰ
904 2309 1136 2355 δύνασθαι
1167 2337 1234 2367 -,
1276 2311 1440 2358 ἱκανόν
1467 2331 1528 2372 με

109 2387 353 2447 τυγχάνειν
399 2388 647 2448 βαστάσαι,
697 2390 813 2446 μηδὲ
868 2392 1008 2432 ταῦτα
1060 2387 1378 2445 ὑπομένοντας
1425 2393 1527 2448 (leg.

111 2466 420 2523 ὑπομένοντα)
454 2471 626 2523 φέρειν.
690 2467 783 2511 Οὐκ
806 2463 910 2511 οἶδα
943 2468 991 2510 δὲ
1025 2465 1244 2522 ὁπότερον
1275 2471 1402 2524 εἴπω,
1436 2469 1529 2515 πό-

111 2561 243 2602 τερον
273 2543 354 2598 τήν
384 2542 560 2597 πολλήν
586 2561 679 2602 μου
710 2543 978 2594 ἀσθένειαν,
1018 2541 1072 2586 τὰ
1113 2544 1266 2598 εὐτελῆ
1295 2549 1374 2589 τοῦ
1409 2553 1528 2604 Χρι-

113 2625 220 2666 στοῦ
262 2627 493 2679 συγκρίσει
541 2624 631 2666 τῶν
668 2625 773 2681 περὶ
819 2619 981 2665 ἑαυτὸν
1019 2621 1241 2677 μειζόνων
1279 2627 1439 2682 φέρειν
1466 2627 1530 2682 μὴ

237 2851 274 2906 ¹)
306 2851 460 2894 Psalm.
489 2851 711 2904 LXXXII,
742 2851 781 2894 6.
812 2852 1007 2908 (LXXI.)

1107 2928 1161 2972 23
1185 2931 1203 2950 *
