<?xml version="1.0" encoding="UTF-8"?>
<!DOCTYPE html PUBLIC "-//W3C//DTD XHTML 1.0 Transitional//EN"
    "http://www.w3.org/TR/xhtml1/DTD/xhtml1-transitional.dtd">
<html xmlns="http://www.w3.org/1999/xhtml" xml:lang="en" lang="en">
 <head>
  <title>
</title>
<meta http-equiv="Content-Type" content="text/html;charset=utf-8" />
  <meta name='ocr-system' content='tesseract 3.04.00' />
  <meta name='ocr-capabilities' content='ocr_page ocr_carea ocr_par ocr_line ocrx_word'/>
</head>
<body>
  <div class='ocr_page' id='page_1' title='image "./operaomniaquaegr22orig_0265.png"; bbox 0 0 1759 3125; ppageno 0'>
   <div class='ocr_carea' id='block_1_1' title="bbox 500 40 1529 84">
    <p class='ocr_par' dir='ltr' id='par_1_1' title="bbox 500 40 1529 84">
     <span class='ocr_line' id='line_1_1' title="bbox 500 40 1529 84; baseline 0.001 -1"><span class='ocrx_word' id='word_1_1' title='bbox 500 43 893 84; x_wconf 62' lang='lat' dir='ltr'><em>Omenmmonum</em></span> <span class='ocrx_word' id='word_1_2' title='bbox 932 41 1074 81; x_wconf 74' lang='lat' dir='ltr'><em>Lmen</em></span> <span class='ocrx_word' id='word_1_3' title='bbox 1105 41 1161 81; x_wconf 89' lang='lat' dir='ltr'><em>II.</em></span> <span class='ocrx_word' id='word_1_4' title='bbox 1446 40 1529 84; x_wconf 81' lang='lat'><em>253</em></span> 
     </span>
    </p>
   </div>
   <div class='ocr_carea' id='block_1_2' title="bbox 99 151 1536 2538">
    <p class='ocr_par' dir='ltr' id='par_1_2' title="bbox 99 151 1536 2538">
     <span class='ocr_line' id='line_1_2' title="bbox 116 151 1528 209; baseline -0.003 -11"><span class='ocrx_word' id='word_1_5' title='bbox 116 155 437 198; x_wconf 77' lang='lat' dir='ltr'><em>memorantis.-</em></span> <span class='ocrx_word' id='word_1_6' title='bbox 465 152 647 203; x_wconf 79' lang='lat' dir='ltr'><em>„Pacem</em></span> <span class='ocrx_word' id='word_1_7' title='bbox 667 154 706 209; x_wconf 85' lang='lat'><em>¹)</em></span> <span class='ocrx_word' id='word_1_8' title='bbox 736 152 892 194; x_wconf 81' lang='lat' dir='ltr'><em>faciens</em></span> <span class='ocrx_word' id='word_1_9' title='bbox 925 167 1002 207; x_wconf 88' lang='lat' dir='ltr'><em>per</em></span> <span class='ocrx_word' id='word_1_10' title='bbox 1023 151 1263 203; x_wconf 79' lang='lat' dir='ltr'><em>sanguinem</em></span> <span class='ocrx_word' id='word_1_11' title='bbox 1282 152 1412 193; x_wconf 81' lang='lat' dir='ltr'><em>crucis</em></span> <span class='ocrx_word' id='word_1_12' title='bbox 1432 169 1528 194; x_wconf 81' lang='lat' dir='ltr'><em>suae</em></span> 
     </span>
     <span class='ocr_line' id='line_1_3' title="bbox 115 228 1528 288; baseline -0.002 -14"><span class='ocrx_word' id='word_1_13' title='bbox 115 234 191 284; x_wconf 85' lang='lat' dir='ltr'><em>his,</em></span> <span class='ocrx_word' id='word_1_14' title='bbox 222 229 384 288; x_wconf 80' lang='lat' dir='ltr'><em>quaein</em></span> <span class='ocrx_word' id='word_1_15' title='bbox 413 241 523 271; x_wconf 81' lang='lat' dir='ltr'><em>terra</em></span> <span class='ocrx_word' id='word_1_16' title='bbox 546 242 674 281; x_wconf 81' lang='lat' dir='ltr'><em>erant,</em></span> <span class='ocrx_word' id='word_1_17' title='bbox 708 243 748 271; x_wconf 87' lang='lat' dir='ltr'><em>et</em></span> <span class='ocrx_word' id='word_1_18' title='bbox 768 229 844 282; x_wconf 86' lang='lat' dir='ltr'><em>his,</em></span> <span class='ocrx_word' id='word_1_19' title='bbox 877 244 982 285; x_wconf 83' lang='lat' dir='ltr'><em>quae</em></span> <span class='ocrx_word' id='word_1_20' title='bbox 1003 228 1046 269; x_wconf 88' lang='lat' dir='ltr'><em>in</em></span> <span class='ocrx_word' id='word_1_21' title='bbox 1069 228 1258 270; x_wconf 87' lang='lat' dir='ltr'><em>coelis:“</em></span> <span class='ocrx_word' id='word_1_22' title='bbox 1276 239 1375 278; x_wconf 87' lang='grc'><strong>....“,</strong></span> <span class='ocrx_word' id='word_1_23' title='bbox 1407 228 1528 271; x_wconf 80' lang='lat' dir='ltr'><em>hanc</em></span> 
     </span>
     <span class='ocr_line' id='line_1_4' title="bbox 116 305 1528 363; baseline -0.004 -11"><span class='ocrx_word' id='word_1_24' title='bbox 116 316 262 352; x_wconf 86' lang='lat' dir='ltr'><em>totam</em></span> <span class='ocrx_word' id='word_1_25' title='bbox 290 306 652 363; x_wconf 74' lang='lat' dir='ltr'><em>intelligentiam</em></span> <span class='ocrx_word' id='word_1_26' title='bbox 682 305 749 349; x_wconf 86' lang='lat' dir='ltr'><em>ad</em></span> <span class='ocrx_word' id='word_1_27' title='bbox 766 306 972 363; x_wconf 78' lang='lat' dir='ltr'><em>angelos,</em></span> <span class='ocrx_word' id='word_1_28' title='bbox 1004 307 1284 362; x_wconf 77' lang='lat' dir='ltr'><em>virtutesque</em></span> <span class='ocrx_word' id='word_1_29' title='bbox 1303 305 1528 359; x_wconf 78' lang='lat' dir='ltr'><em>coelestes,</em></span> 
     </span>
     <span class='ocr_line' id='line_1_5' title="bbox 113 382 1531 440; baseline -0.002 -12"><span class='ocrx_word' id='word_1_30' title='bbox 113 393 160 428; x_wconf 88' lang='lat' dir='ltr'><em>et</em></span> <span class='ocrx_word' id='word_1_31' title='bbox 196 383 264 426; x_wconf 81' lang='lat' dir='ltr'><em>ad</em></span> <span class='ocrx_word' id='word_1_32' title='bbox 307 386 490 426; x_wconf 77' lang='lat' dir='ltr'><em>animas</em></span> <span class='ocrx_word' id='word_1_33' title='bbox 535 382 811 440; x_wconf 78' lang='lat' dir='ltr'><em>temperabit</em></span> <span class='ocrx_word' id='word_1_34' title='bbox 861 383 1230 436; x_wconf 78' lang='lat' dir='ltr'><em>humanas,....‚</em></span> <span class='ocrx_word' id='word_1_35' title='bbox 1283 391 1420 440; x_wconf 82' lang='lat' dir='ltr'><em>atque</em></span> <span class='ocrx_word' id='word_1_36' title='bbox 1459 386 1531 426; x_wconf 76' lang='lat' dir='ltr'><em>ita</em></span> 
     </span>
     <span class='ocr_line' id='line_1_6' title="bbox 112 458 1536 518; baseline -0.002 -14"><span class='ocrx_word' id='word_1_37' title='bbox 112 462 223 512; x_wconf 75' lang='lat' dir='ltr'><em>fieri</em></span> <span class='ocrx_word' id='word_1_38' title='bbox 241 460 452 518; x_wconf 79' lang='lat' dir='ltr'><em>putabit,</em></span> <span class='ocrx_word' id='word_1_39' title='bbox 496 468 548 502; x_wconf 73' lang='lat' dir='ltr'><em>ut</em></span> <span class='ocrx_word' id='word_1_40' title='bbox 579 474 700 504; x_wconf 69' lang='lat' dir='ltr'><em>crux</em></span> <span class='ocrx_word' id='word_1_41' title='bbox 727 461 922 504; x_wconf 74' lang='lat' dir='ltr'><em>Domini</em></span> <span class='ocrx_word' id='word_1_42' title='bbox 946 473 1038 502; x_wconf 76' lang='lat' dir='ltr'><em>non</em></span> <span class='ocrx_word' id='word_1_43' title='bbox 1067 460 1211 503; x_wconf 80' lang='lat' dir='ltr'><em>solum</em></span> <span class='ocrx_word' id='word_1_44' title='bbox 1241 468 1422 513; x_wconf 81' lang='lat' dir='ltr'><em>terrae,</em></span> <span class='ocrx_word' id='word_1_45' title='bbox 1452 458 1536 502; x_wconf 83' lang='lat' dir='ltr'><em>sed</em></span> 
     </span>
     <span class='ocr_line' id='line_1_7' title="bbox 113 536 1531 597; baseline -0.002 -15"><span class='ocrx_word' id='word_1_46' title='bbox 113 547 158 582; x_wconf 83' lang='lat' dir='ltr'><em>et</em></span> <span class='ocrx_word' id='word_1_47' title='bbox 190 539 309 582; x_wconf 85' lang='lat' dir='ltr'><em>coelo</em></span> <span class='ocrx_word' id='word_1_48' title='bbox 334 538 594 597; x_wconf 75' lang='lat' dir='ltr'><em>profuerit:</em></span> <span class='ocrx_word' id='word_1_49' title='bbox 634 553 724 581; x_wconf 79' lang='lat' dir='ltr'><em>nou</em></span> <span class='ocrx_word' id='word_1_50' title='bbox 763 539 905 581; x_wconf 87' lang='lat' dir='ltr'><em>solum</em></span> <span class='ocrx_word' id='word_1_51' title='bbox 936 537 1214 589; x_wconf 72' lang='lat' dir='ltr'><em>lzome‘m&#39;bus,</em></span> <span class='ocrx_word' id='word_1_52' title='bbox 1250 536 1333 580; x_wconf 81' lang='lat' dir='ltr'><em>sed</em></span> <span class='ocrx_word' id='word_1_53' title='bbox 1359 545 1403 580; x_wconf 84' lang='lat' dir='ltr'><em>et</em></span> <span class='ocrx_word' id='word_1_54' title='bbox 1436 551 1531 580; x_wconf 81' lang='lat' dir='ltr'><em>an-</em></span> 
     </span>
     <span class='ocr_line' id='line_1_8' title="bbox 108 617 1531 673; baseline -0.001 -14"><span class='ocrx_word' id='word_1_55' title='bbox 108 618 249 673; x_wconf 74' lang='lat' dir='ltr'><em>gelis,</em></span> <span class='ocrx_word' id='word_1_56' title='bbox 291 624 337 659; x_wconf 88' lang='lat' dir='ltr'><em>et</em></span> <span class='ocrx_word' id='word_1_57' title='bbox 376 619 519 659; x_wconf 74' lang='lat' dir='ltr'><em>omnis</em></span> <span class='ocrx_word' id='word_1_58' title='bbox 558 624 781 659; x_wconf 79' lang='lat' dir='ltr'><em>creatura</em></span> <span class='ocrx_word' id='word_1_59' title='bbox 810 617 1004 660; x_wconf 80' lang='lat' dir='ltr'><em>Domini</em></span> <span class='ocrx_word' id='word_1_60' title='bbox 1027 618 1104 658; x_wconf 70' lang='lat' dir='ltr'><em>suc·</em></span> <span class='ocrx_word' id='word_1_61' title='bbox 1129 628 1292 658; x_wconf 81' lang='lat' dir='ltr'><em>cruore</em></span> <span class='ocrx_word' id='word_1_62' title='bbox 1316 622 1531 673; x_wconf 77' lang='lat' dir='ltr'><em>purgata</em></span> 
     </span>
     <span class='ocr_line' id='line_1_9' title="bbox 109 693 1533 753; baseline -0.001 -18"><span class='ocrx_word' id='word_1_63' title='bbox 109 697 194 736; x_wconf 75' lang='lat' dir='ltr'><em>sit:</em></span> <span class='ocrx_word' id='word_1_64' title='bbox 226 706 268 736; x_wconf 89' lang='lat' dir='ltr'><em>et</em></span> <span class='ocrx_word' id='word_1_65' title='bbox 297 694 390 736; x_wconf 83' lang='lat' dir='ltr'><strong>libr.</strong></span> <span class='ocrx_word' id='word_1_66' title='bbox 421 694 458 737; x_wconf 79' lang='grc'><em>2.</em></span> <span class='ocrx_word' id='word_1_67' title='bbox 491 694 532 735; x_wconf 91' lang='lat' dir='ltr'><em>in</em></span> <span class='ocrx_word' id='word_1_68' title='bbox 565 694 753 753; x_wconf 80' lang='lat' dir='ltr'><em>ejusdem</em></span> <span class='ocrx_word' id='word_1_69' title='bbox 785 696 988 752; x_wconf 82' lang='lat' dir='ltr'><em>epistolae</em></span> <span class='ocrx_word' id='word_1_70' title='bbox 1019 711 1107 751; x_wconf 81' lang='lat' dir='ltr'><em>cap.</em></span> <span class='ocrx_word' id='word_1_71' title='bbox 1131 693 1171 738; x_wconf 87' lang='grc'><em>3.</em></span> <span class='ocrx_word' id='word_1_72' title='bbox 1202 711 1294 735; x_wconf 82' lang='lat' dir='ltr'><em>vers</em></span> <span class='ocrx_word' id='word_1_73' title='bbox 1327 694 1409 744; x_wconf 62' lang='lat'><em>10„</em></span> <span class='ocrx_word' id='word_1_74' title='bbox 1439 710 1533 734; x_wconf 85' lang='lat' dir='ltr'><em>cru-</em></span> 
     </span>
     <span class='ocr_line' id='line_1_10' title="bbox 112 771 1533 825; baseline -0.002 -12"><span class='ocrx_word' id='word_1_75' title='bbox 112 788 204 813; x_wconf 86' lang='lat' dir='ltr'><em>ccm</em></span> <span class='ocrx_word' id='word_1_76' title='bbox 234 773 290 814; x_wconf 82' lang='lat' dir='ltr'><em>ait</em></span> <span class='ocrx_word' id='word_1_77' title='bbox 322 771 490 822; x_wconf 82' lang='lat' dir='ltr'><em>Christi,</em></span> <span class='ocrx_word' id='word_1_78' title='bbox 520 789 605 814; x_wconf 90' lang='lat' dir='ltr'><em>non</em></span> <span class='ocrx_word' id='word_1_79' title='bbox 635 775 773 814; x_wconf 92' lang='lat' dir='ltr'><em>solum</em></span> <span class='ocrx_word' id='word_1_80' title='bbox 802 774 947 824; x_wconf 81' lang='lat' dir='ltr'><em>nobis,</em></span> <span class='ocrx_word' id='word_1_81' title='bbox 977 774 1051 815; x_wconf 88' lang='lat' dir='ltr'><em>sed</em></span> <span class='ocrx_word' id='word_1_82' title='bbox 1082 783 1123 813; x_wconf 87' lang='lat' dir='ltr'><em>et</em></span> <span class='ocrx_word' id='word_1_83' title='bbox 1153 771 1323 825; x_wconf 83' lang='lat' dir='ltr'><em>angelis,</em></span> <span class='ocrx_word' id='word_1_84' title='bbox 1353 772 1533 811; x_wconf 87' lang='lat' dir='ltr'><em>cunctis-</em></span> 
     </span>
     <span class='ocr_line' id='line_1_11' title="bbox 115 848 1530 908; baseline -0.001 -17"><span class='ocrx_word' id='word_1_85' title='bbox 115 867 195 907; x_wconf 88' lang='lat' dir='ltr'><em>que</em></span> <span class='ocrx_word' id='word_1_86' title='bbox 227 850 269 891; x_wconf 88' lang='lat' dir='ltr'><em>in</em></span> <span class='ocrx_word' id='word_1_87' title='bbox 301 850 425 892; x_wconf 91' lang='lat' dir='ltr'><em>coelo</em></span> <span class='ocrx_word' id='word_1_88' title='bbox 459 850 682 892; x_wconf 83' lang='lat' dir='ltr'><em>virtutibus</em></span> <span class='ocrx_word' id='word_1_89' title='bbox 722 852 955 907; x_wconf 82' lang='lat' dir='ltr'>profuisse,</span> <span class='ocrx_word' id='word_1_90' title='bbox 993 867 1072 908; x_wconf 89' lang='lat' dir='ltr'><em>per</em></span> <span class='ocrx_word' id='word_1_91' title='bbox 1112 867 1204 891; x_wconf 81' lang='lat' dir='ltr'><em>eam</em></span> <span class='ocrx_word' id='word_1_92' title='bbox 1243 849 1400 906; x_wconf 80' lang='lat' dir='ltr'>quippe</span> <span class='ocrx_word' id='word_1_93' title='bbox 1431 848 1530 897; x_wconf 88' lang='lat' dir='ltr'><em>illis,</em></span> 
     </span>
     <span class='ocr_line' id='line_1_12' title="bbox 110 927 1531 986; baseline -0.001 -17"><span class='ocrx_word' id='word_1_94' title='bbox 110 928 260 969; x_wconf 81' lang='lat' dir='ltr'><em>itidem</em></span> <span class='ocrx_word' id='word_1_95' title='bbox 290 939 337 969; x_wconf 87' lang='lat' dir='ltr'><em>ut</em></span> <span class='ocrx_word' id='word_1_96' title='bbox 366 927 503 979; x_wconf 87' lang='lat' dir='ltr'><em>nobis,</em></span> <span class='ocrx_word' id='word_1_97' title='bbox 535 929 767 970; x_wconf 73' lang='lat' dir='ltr'><em>revelatum</em></span> <span class='ocrx_word' id='word_1_98' title='bbox 798 930 924 970; x_wconf 83' lang='lat' dir='ltr'><em>fuisse</em></span> <span class='ocrx_word' id='word_1_99' title='bbox 955 928 1240 986; x_wconf 82' lang='lat' dir='ltr'><em>multiplicem</em></span> <span class='ocrx_word' id='word_1_100' title='bbox 1254 928 1340 970; x_wconf 85' lang='lat' dir='ltr'><em>Dei</em></span> <span class='ocrx_word' id='word_1_101' title='bbox 1368 927 1531 983; x_wconf 83' lang='lat' dir='ltr'><em>sapien-</em></span> 
     </span>
     <span class='ocr_line' id='line_1_13' title="bbox 110 1005 1533 1064; baseline -0.001 -16"><span class='ocrx_word' id='word_1_102' title='bbox 110 1007 232 1048; x_wconf 78' lang='lat' dir='ltr'><em>tiam:</em></span> <span class='ocrx_word' id='word_1_103' title='bbox 265 1018 307 1047; x_wconf 91' lang='lat' dir='ltr'><em>et</em></span> <span class='ocrx_word' id='word_1_104' title='bbox 337 1007 381 1047; x_wconf 88' lang='lat' dir='ltr'><em>in</em></span> <span class='ocrx_word' id='word_1_105' title='bbox 413 1023 502 1063; x_wconf 78' lang='lat' dir='ltr'><em>cap.</em></span> <span class='ocrx_word' id='word_1_106' title='bbox 533 1007 574 1049; x_wconf 74' lang='grc'><em>4.</em></span> <span class='ocrx_word' id='word_1_107' title='bbox 607 1023 708 1049; x_wconf 86' lang='lat' dir='ltr'><em>vers.</em></span> <span class='ocrx_word' id='word_1_108' title='bbox 744 1006 808 1051; x_wconf 89' lang='lat'><em>10.</em></span> <span class='ocrx_word' id='word_1_109' title='bbox 868 1006 1022 1064; x_wconf 80' lang='lat' dir='ltr'><em>Neque</em></span> <span class='ocrx_word' id='word_1_110' title='bbox 1052 1009 1196 1057; x_wconf 82' lang='lat' dir='ltr'><em>em&#39;m,</em></span> <span class='ocrx_word' id='word_1_111' title='bbox 1226 1005 1385 1062; x_wconf 87' lang='lat' dir='ltr'><em>inquit,</em></span> <span class='ocrx_word' id='word_1_112' title='bbox 1415 1008 1533 1047; x_wconf 68' lang='lat' dir='ltr'><em>scire</em></span> 
     </span>
     <span class='ocr_line' id='line_1_14' title="bbox 104 1081 1531 1142; baseline -0.001 -17"><span class='ocrx_word' id='word_1_113' title='bbox 104 1096 364 1142; x_wconf 77' lang='lat' dir='ltr'><em>possumus,</em></span> <span class='ocrx_word' id='word_1_114' title='bbox 396 1082 612 1140; x_wconf 82' lang='lat' dir='ltr'><em>quomodo</em></span> <span class='ocrx_word' id='word_1_115' title='bbox 643 1091 689 1126; x_wconf 88' lang='lat' dir='ltr'><em>et</em></span> <span class='ocrx_word' id='word_1_116' title='bbox 722 1084 928 1141; x_wconf 73' lang='lat' dir='ltr'><em>angelis,</em></span> <span class='ocrx_word' id='word_1_117' title='bbox 959 1091 1006 1127; x_wconf 91' lang='lat' dir='ltr'><em>et</em></span> <span class='ocrx_word' id='word_1_118' title='bbox 1036 1082 1129 1134; x_wconf 74' lang='grc' dir='ltr'><em>Ῐιίε,</em></span> <span class='ocrx_word' id='word_1_119' title='bbox 1160 1085 1240 1139; x_wconf 78' lang='lat' dir='ltr'><em>qui</em></span> <span class='ocrx_word' id='word_1_120' title='bbox 1265 1085 1313 1124; x_wconf 78' lang='lat' dir='ltr'><em>iu</em></span> <span class='ocrx_word' id='word_1_121' title='bbox 1342 1081 1531 1136; x_wconf 81' lang='lat' dir='ltr'><em>inferno</em></span> 
     </span>
     <span class='ocr_line' id='line_1_15' title="bbox 111 1161 1529 1219; baseline -0.001 -15"><span class='ocrx_word' id='word_1_122' title='bbox 111 1169 274 1214; x_wconf 85' lang='lat' dir='ltr'><em>erant,</em></span> <span class='ocrx_word' id='word_1_123' title='bbox 305 1163 498 1217; x_wconf 77' lang='lat' dir='ltr'><em>sanguis</em></span> <span class='ocrx_word' id='word_1_124' title='bbox 529 1161 707 1205; x_wconf 71' lang='lat' dir='ltr'><em>Christi</em></span> <span class='ocrx_word' id='word_1_125' title='bbox 727 1163 988 1219; x_wconf 74' lang='lat' dir='ltr'><em>profuerit,</em></span> <span class='ocrx_word' id='word_1_126' title='bbox 1017 1168 1063 1204; x_wconf 89' lang='lat' dir='ltr'><em>et</em></span> <span class='ocrx_word' id='word_1_127' title='bbox 1095 1169 1249 1205; x_wconf 77' lang='lat' dir='ltr'><em>tamen</em></span> <span class='ocrx_word' id='word_1_128' title='bbox 1282 1162 1386 1216; x_wconf 75' lang='lat' dir='ltr'><em>quin</em></span> <span class='ocrx_word' id='word_1_129' title='bbox 1413 1173 1529 1217; x_wconf 91' lang='lat' dir='ltr'><em>pro-</em></span> 
     </span>
     <span class='ocr_line' id='line_1_16' title="bbox 99 1239 1533 1297; baseline -0.003 -15"><span class='ocrx_word' id='word_1_130' title='bbox 99 1240 258 1296; x_wconf 75' lang='lat' dir='ltr'><em>fuerit</em></span> <span class='ocrx_word' id='word_1_131' title='bbox 289 1242 463 1282; x_wconf 72' lang='lat' dir='ltr'><em>nescire</em></span> <span class='ocrx_word' id='word_1_132' title='bbox 494 1252 584 1281; x_wconf 79' lang='lat' dir='ltr'><em>nou</em></span> <span class='ocrx_word' id='word_1_133' title='bbox 612 1253 863 1297; x_wconf 81' lang='lat' dir='ltr'><em>possumus.</em></span> <span class='ocrx_word' id='word_1_134' title='bbox 935 1241 1056 1295; x_wconf 84' lang='lat' dir='ltr'><em>Quae</em></span> <span class='ocrx_word' id='word_1_135' title='bbox 1097 1239 1214 1296; x_wconf 89' lang='lat' dir='ltr'><em>quod</em></span> <span class='ocrx_word' id='word_1_136' title='bbox 1244 1239 1400 1295; x_wconf 83' lang='lat' dir='ltr'><em>absque</em></span> <span class='ocrx_word' id='word_1_137' title='bbox 1433 1254 1533 1279; x_wconf 84' lang='lat' dir='ltr'><em>con-</em></span> 
     </span>
     <span class='ocr_line' id='line_1_17' title="bbox 109 1316 1532 1375; baseline -0.002 -17"><span class='ocrx_word' id='word_1_138' title='bbox 109 1317 317 1359; x_wconf 80' lang='lat' dir='ltr'><em>futatione</em></span> <span class='ocrx_word' id='word_1_139' title='bbox 352 1317 599 1373; x_wconf 79' lang='lat' dir='ltr'><em>protulisset</em></span> <span class='ocrx_word' id='word_1_140' title='bbox 638 1319 946 1375; x_wconf 73' lang='lat' dir='ltr'><em>Hieronymus,</em></span> <span class='ocrx_word' id='word_1_141' title='bbox 994 1334 1016 1358; x_wconf 85' lang='lat' dir='ltr'>a</span> <span class='ocrx_word' id='word_1_142' title='bbox 1061 1317 1218 1358; x_wconf 82' lang='lat' dir='ltr'><em>Rufino</em></span> <span class='ocrx_word' id='word_1_143' title='bbox 1256 1316 1532 1372; x_wconf 86' lang='lat' dir='ltr'><em>reprehensus</em></span> 
     </span>
     <span class='ocr_line' id='line_1_18' title="bbox 112 1393 1533 1450; baseline -0.001 -14"><span class='ocrx_word' id='word_1_144' title='bbox 112 1408 172 1436; x_wconf 87' lang='lat' dir='ltr'><em>est</em></span> <span class='ocrx_word' id='word_1_145' title='bbox 202 1395 296 1437; x_wconf 84' lang='lat' dir='ltr'><strong>libr.</strong></span> <span class='ocrx_word' id='word_1_146' title='bbox 329 1396 366 1438; x_wconf 85' lang='lat'><em>1.</em></span> <span class='ocrx_word' id='word_1_147' title='bbox 428 1395 655 1445; x_wconf 57' lang='lat' dir='ltr'><em>Invectiv„</em></span> <span class='ocrx_word' id='word_1_148' title='bbox 701 1397 775 1437; x_wconf 88' lang='lat' dir='ltr'><em>sed</em></span> <span class='ocrx_word' id='word_1_149' title='bbox 813 1396 858 1436; x_wconf 86' lang='lat' dir='ltr'><em>in</em></span> <span class='ocrx_word' id='word_1_150' title='bbox 899 1394 1112 1450; x_wconf 77' lang='lat' dir='ltr'><em>Apologia</em></span> <span class='ocrx_word' id='word_1_151' title='bbox 1150 1393 1423 1435; x_wconf 85' lang='lat' dir='ltr'><em>nihilominus</em></span> <span class='ocrx_word' id='word_1_152' title='bbox 1464 1409 1533 1434; x_wconf 77' lang='lat' dir='ltr'><em>va-</em></span> 
     </span>
     <span class='ocr_line' id='line_1_19' title="bbox 112 1469 1531 1530; baseline -0.002 -16"><span class='ocrx_word' id='word_1_153' title='bbox 112 1474 198 1514; x_wconf 83' lang='lat' dir='ltr'><em>lide</em></span> <span class='ocrx_word' id='word_1_154' title='bbox 229 1489 272 1514; x_wconf 91' lang='lat' dir='ltr'><em>se</em></span> <span class='ocrx_word' id='word_1_155' title='bbox 301 1484 456 1514; x_wconf 88' lang='lat' dir='ltr'><em>tuetur.</em></span> <span class='ocrx_word' id='word_1_156' title='bbox 524 1473 646 1514; x_wconf 80' lang='lat' dir='ltr'>Facit</span> <span class='ocrx_word' id='word_1_157' title='bbox 686 1490 854 1530; x_wconf 88' lang='lat' dir='ltr'><em>quoque</em></span> <span class='ocrx_word' id='word_1_158' title='bbox 895 1473 945 1514; x_wconf 82' lang='lat' dir='ltr'><em>ad</em></span> <span class='ocrx_word' id='word_1_159' title='bbox 987 1471 1297 1513; x_wconf 81' lang='lat' dir='ltr'><em>excusationem</em></span> <span class='ocrx_word' id='word_1_160' title='bbox 1338 1469 1531 1524; x_wconf 81' lang='lat' dir='ltr'><em>Origenis</em></span> 
     </span>
     <span class='ocr_line' id='line_1_20' title="bbox 114 1548 1533 1609; baseline -0.001 -16"><span class='ocrx_word' id='word_1_161' title='bbox 114 1551 297 1609; x_wconf 71' lang='lat' dir='ltr'><em>Cyn-illus</em></span> <span class='ocrx_word' id='word_1_162' title='bbox 327 1550 424 1592; x_wconf 87' lang='lat' dir='ltr'>libr.</span> <span class='ocrx_word' id='word_1_163' title='bbox 455 1548 494 1593; x_wconf 82' lang='grc'><em>9.</em></span> <span class='ocrx_word' id='word_1_164' title='bbox 535 1551 587 1591; x_wconf 91' lang='lat' dir='ltr'><em>de</em></span> <span class='ocrx_word' id='word_1_165' title='bbox 620 1550 904 1601; x_wconf 87' lang='lat' dir='ltr'><em>Adoratione,</em></span> <span class='ocrx_word' id='word_1_166' title='bbox 950 1549 1024 1590; x_wconf 86' lang='lat' dir='ltr'><em>ubi</em></span> <span class='ocrx_word' id='word_1_167' title='bbox 1065 1549 1123 1590; x_wconf 86' lang='lat' dir='ltr'><em>sic</em></span> <span class='ocrx_word' id='word_1_168' title='bbox 1162 1548 1372 1605; x_wconf 87' lang='lat' dir='ltr'><em>loquitur:</em></span> <span class='ocrx_word' id='word_1_169' title='bbox 1413 1553 1533 1606; x_wconf 83' lang='grc' dir='ltr'><em>Χρι-</em></span> 
     </span>
     <span class='ocr_line' id='line_1_21' title="bbox 113 1625 1533 1686; baseline -0.002 -14"><span class='ocrx_word' id='word_1_170' title='bbox 113 1632 218 1672; x_wconf 85' lang='grc' dir='ltr'>στοῦ</span> <span class='ocrx_word' id='word_1_171' title='bbox 249 1628 339 1686; x_wconf 74' lang='grc' dir='ltr'><em>γὰρ</em></span> <span class='ocrx_word' id='word_1_172' title='bbox 369 1632 560 1685; x_wconf 76' lang='grc' dir='ltr'><em>μέτοχος</em></span> <span class='ocrx_word' id='word_1_173' title='bbox 604 1626 630 1682; x_wconf 86' lang='grc' dir='ltr'>ἡ</span> <span class='ocrx_word' id='word_1_174' title='bbox 684 1626 810 1671; x_wconf 76' lang='grc' dir='ltr'>πᾶσά</span> <span class='ocrx_word' id='word_1_175' title='bbox 858 1629 979 1672; x_wconf 75' lang='grc' dir='ltr'><em>ἐστιν</em></span> <span class='ocrx_word' id='word_1_176' title='bbox 1020 1625 1178 1684; x_wconf 76' lang='grc' dir='ltr'><em>ὁρατὴ,</em></span> <span class='ocrx_word' id='word_1_177' title='bbox 1227 1631 1304 1670; x_wconf 82' lang='grc' dir='ltr'><em>καὶ</em></span> <span class='ocrx_word' id='word_1_178' title='bbox 1342 1625 1533 1682; x_wconf 72' lang='grc' dir='ltr'><em>ἀόρατος</em></span> 
     </span>
     <span class='ocr_line' id='line_1_22' title="bbox 113 1702 1533 1765; baseline -0.003 -15"><span class='ocrx_word' id='word_1_179' title='bbox 113 1712 263 1755; x_wconf 72' lang='grc' dir='ltr'><strong><em>κτίσις.</em></strong></span> <span class='ocrx_word' id='word_1_180' title='bbox 311 1704 527 1763; x_wconf 74' lang='grc' dir='ltr'><em>’Ἀγγελοί</em></span> <span class='ocrx_word' id='word_1_181' title='bbox 562 1721 608 1749; x_wconf 83' lang='grc' dir='ltr'><em>τε</em></span> <span class='ocrx_word' id='word_1_182' title='bbox 645 1705 758 1765; x_wconf 75' lang='grc' dir='ltr'><em>γὰρ,</em></span> <span class='ocrx_word' id='word_1_183' title='bbox 803 1709 878 1749; x_wconf 81' lang='grc' dir='ltr'><em>καὶ</em></span> <span class='ocrx_word' id='word_1_184' title='bbox 918 1704 1217 1762; x_wconf 69' lang='grc' dir='ltr'><em>ἀρχάγγελοι,</em></span> <span class='ocrx_word' id='word_1_185' title='bbox 1260 1708 1334 1748; x_wconf 82' lang='grc' dir='ltr'><em>καὶ</em></span> <span class='ocrx_word' id='word_1_186' title='bbox 1375 1702 1427 1747; x_wconf 75' lang='grc' dir='ltr'><em>τὰ</em></span> <span class='ocrx_word' id='word_1_187' title='bbox 1471 1705 1533 1748; x_wconf 80' lang='grc' dir='ltr'><em>ἔτι</em></span> 
     </span>
     <span class='ocr_line' id='line_1_23' title="bbox 112 1781 1533 1841; baseline -0.001 -14"><span class='ocrx_word' id='word_1_188' title='bbox 112 1783 283 1827; x_wconf 76' lang='grc' dir='ltr'>τούτων</span> <span class='ocrx_word' id='word_1_189' title='bbox 315 1784 536 1837; x_wconf 72' lang='grc' dir='ltr'><strong><em>ἐπέκεινα,</em></strong></span> <span class='ocrx_word' id='word_1_190' title='bbox 571 1786 645 1826; x_wconf 84' lang='grc' dir='ltr'><em>καὶ</em></span> <span class='ocrx_word' id='word_1_191' title='bbox 678 1782 791 1827; x_wconf 73' lang='grc' dir='ltr'><em>αὐτὰ</em></span> <span class='ocrx_word' id='word_1_192' title='bbox 818 1786 866 1827; x_wconf 70' lang='grc' dir='ltr'><em>δὲ</em></span> <span class='ocrx_word' id='word_1_193' title='bbox 898 1782 950 1826; x_wconf 74' lang='grc' dir='ltr'><em>τὰ</em></span> <span class='ocrx_word' id='word_1_194' title='bbox 984 1787 1237 1841; x_wconf 74' lang='grc' dir='ltr'><em>Χερουβὶμ,</em></span> <span class='ocrx_word' id='word_1_195' title='bbox 1271 1781 1353 1839; x_wconf 75' lang='grc' dir='ltr'><em>οὐχ</em></span> <span class='ocrx_word' id='word_1_196' title='bbox 1378 1783 1533 1838; x_wconf 71' lang='grc' dir='ltr'><em>ἑτέρως</em></span> 
     </span>
     <span class='ocr_line' id='line_1_24' title="bbox 113 1857 1528 1918; baseline -0.003 -14"><span class='ocrx_word' id='word_1_197' title='bbox 113 1861 243 1918; x_wconf 70' lang='grc' dir='ltr'><strong><em>ἅγια,</em></strong></span> <span class='ocrx_word' id='word_1_198' title='bbox 284 1860 403 1914; x_wconf 72' lang='grc' dir='ltr'><em>πλὴν</em></span> <span class='ocrx_word' id='word_1_199' title='bbox 436 1860 498 1904; x_wconf 81' lang='grc' dir='ltr'><em>ὅτι</em></span> <span class='ocrx_word' id='word_1_200' title='bbox 533 1862 609 1904; x_wconf 73' lang='grc' dir='ltr'><em>διὰ</em></span> <span class='ocrx_word' id='word_1_201' title='bbox 640 1860 789 1917; x_wconf 83' lang='grc' dir='ltr'>μόνου</span> <span class='ocrx_word' id='word_1_202' title='bbox 823 1863 1023 1916; x_wconf 78' lang='grc' dir='ltr'><em>Χριστοῦ</em></span> <span class='ocrx_word' id='word_1_203' title='bbox 1056 1861 1106 1903; x_wconf 73' lang='grc' dir='ltr'><em>ἐν</em></span> <span class='ocrx_word' id='word_1_204' title='bbox 1137 1857 1256 1916; x_wconf 76' lang='grc' dir='ltr'><em>ἁγίῳ</em></span> <span class='ocrx_word' id='word_1_205' title='bbox 1287 1857 1528 1916; x_wconf 76' lang='grc' dir='ltr'><em>πνεύματι.</em></span> 
     </span>
     <span class='ocr_line' id='line_1_25' title="bbox 109 1937 1530 1993; baseline -0.002 -11"><span class='ocrx_word' id='word_1_206' title='bbox 109 1941 167 1982; x_wconf 88' lang='lat' dir='ltr'><em>Et</em></span> <span class='ocrx_word' id='word_1_207' title='bbox 197 1939 449 1993; x_wconf 79' lang='lat' dir='ltr'><em>Augustinus</em></span> <span class='ocrx_word' id='word_1_208' title='bbox 483 1938 575 1980; x_wconf 83' lang='lat' dir='ltr'>libr.</span> <span class='ocrx_word' id='word_1_209' title='bbox 608 1939 644 1980; x_wconf 92' lang='lat'><em>1.</em></span> <span class='ocrx_word' id='word_1_210' title='bbox 689 1940 740 1979; x_wconf 86' lang='lat' dir='ltr'><em>de</em></span> <span class='ocrx_word' id='word_1_211' title='bbox 787 1955 992 1980; x_wconf 87' lang='lat' dir='ltr'><em>consensu</em></span> <span class='ocrx_word' id='word_1_212' title='bbox 1021 1937 1407 1990; x_wconf 78' lang='lat' dir='ltr'><em>Evangelistarum‚</em></span> <span class='ocrx_word' id='word_1_213' title='bbox 1440 1953 1530 1992; x_wconf 81' lang='lat' dir='ltr'><em>cap.</em></span> 
     </span>
     <span class='ocr_line' id='line_1_26' title="bbox 110 2015 1532 2072; baseline -0.003 -13"><span class='ocrx_word' id='word_1_214' title='bbox 110 2018 192 2068; x_wconf 62' lang='lat'><em>35„</em></span> <span class='ocrx_word' id='word_1_215' title='bbox 221 2018 295 2058; x_wconf 85' lang='lat' dir='ltr'><em>ubi</em></span> <span class='ocrx_word' id='word_1_216' title='bbox 325 2028 484 2057; x_wconf 83' lang='lat' dir='ltr'><em>mentes</em></span> <span class='ocrx_word' id='word_1_217' title='bbox 516 2031 661 2056; x_wconf 85' lang='lat' dir='ltr'><em>omnes</em></span> <span class='ocrx_word' id='word_1_218' title='bbox 691 2015 865 2057; x_wconf 80' lang='lat' dir='ltr'><em>rationis</em></span> <span class='ocrx_word' id='word_1_219' title='bbox 897 2027 1132 2072; x_wconf 82' lang='lat' dir='ltr'><em>compotes,</em></span> <span class='ocrx_word' id='word_1_220' title='bbox 1164 2015 1250 2056; x_wconf 86' lang='lat' dir='ltr'><em>sive</em></span> <span class='ocrx_word' id='word_1_221' title='bbox 1273 2016 1532 2068; x_wconf 80' lang='lat' dir='ltr'><em>angelorum,</em></span> 
     </span>
     <span class='ocr_line' id='line_1_27' title="bbox 111 2093 1534 2150; baseline -0.001 -14"><span class='ocrx_word' id='word_1_222' title='bbox 111 2096 196 2136; x_wconf 79' lang='lat' dir='ltr'><em>sive</em></span> <span class='ocrx_word' id='word_1_223' title='bbox 227 2095 467 2144; x_wconf 84' lang='lat' dir='ltr'><em>hominum,</em></span> <span class='ocrx_word' id='word_1_224' title='bbox 497 2093 666 2134; x_wconf 85' lang='lat' dir='ltr'><em>nonnisi</em></span> <span class='ocrx_word' id='word_1_225' title='bbox 699 2094 883 2144; x_wconf 79' lang='lat' dir='ltr'><em>Christi,</em></span> <span class='ocrx_word' id='word_1_226' title='bbox 915 2095 988 2150; x_wconf 86' lang='lat' dir='ltr'><em>qui</em></span> <span class='ocrx_word' id='word_1_227' title='bbox 1017 2093 1219 2150; x_wconf 78' lang='lat' dir='ltr'><em>sapientia</em></span> <span class='ocrx_word' id='word_1_228' title='bbox 1251 2105 1333 2144; x_wconf 85' lang='lat' dir='ltr'><em>est,</em></span> <span class='ocrx_word' id='word_1_229' title='bbox 1363 2094 1534 2149; x_wconf 86' lang='lat' dir='ltr'><em>partici-</em></span> 
     </span>
     <span class='ocr_line' id='line_1_28' title="bbox 111 2172 1534 2230; baseline -0.001 -15"><span class='ocrx_word' id='word_1_230' title='bbox 111 2174 280 2230; x_wconf 75' lang='lat' dir='ltr'><em>patione</em></span> <span class='ocrx_word' id='word_1_231' title='bbox 312 2173 520 2228; x_wconf 84' lang='lat' dir='ltr'><em>sapientes</em></span> <span class='ocrx_word' id='word_1_232' title='bbox 552 2188 639 2212; x_wconf 89' lang='lat' dir='ltr'><em>esse</em></span> <span class='ocrx_word' id='word_1_233' title='bbox 673 2172 842 2221; x_wconf 82' lang='lat' dir='ltr'><em>definit,</em></span> <span class='ocrx_word' id='word_1_234' title='bbox 885 2172 1183 2228; x_wconf 78' lang='lat' dir='ltr'><em>Christumque</em></span> <span class='ocrx_word' id='word_1_235' title='bbox 1216 2184 1425 2228; x_wconf 78' lang='lat' dir='ltr'><em>congrua</em></span> <span class='ocrx_word' id='word_1_236' title='bbox 1462 2185 1534 2213; x_wconf 77' lang='lat' dir='ltr'><em>sa-</em></span> 
     </span>
     <span class='ocr_line' id='line_1_29' title="bbox 115 2246 1533 2307; baseline -0.001 -15"><span class='ocrx_word' id='word_1_237' title='bbox 115 2251 203 2292; x_wconf 80' lang='lat' dir='ltr'><em>luti</em></span> <span class='ocrx_word' id='word_1_238' title='bbox 238 2258 428 2292; x_wconf 81' lang='lat' dir='ltr'><em>nostrae</em></span> <span class='ocrx_word' id='word_1_239' title='bbox 467 2246 656 2290; x_wconf 72' lang='lat' dir='ltr'><em>dicendo</em></span> <span class='ocrx_word' id='word_1_240' title='bbox 697 2256 742 2290; x_wconf 88' lang='lat' dir='ltr'><em>et</em></span> <span class='ocrx_word' id='word_1_241' title='bbox 766 2248 1017 2303; x_wconf 71' lang='lat' dir='ltr'><em>faciendo,</em></span> <span class='ocrx_word' id='word_1_242' title='bbox 1055 2248 1279 2307; x_wconf 71' lang='lat' dir='ltr'><em>patiendo</em></span> <span class='ocrx_word' id='word_1_243' title='bbox 1318 2257 1365 2291; x_wconf 90' lang='lat' dir='ltr'><em>et</em></span> <span class='ocrx_word' id='word_1_244' title='bbox 1399 2252 1533 2292; x_wconf 75' lang='lat' dir='ltr'><em>suste·-</em></span> 
     </span>
     <span class='ocr_line' id='line_1_30' title="bbox 112 2325 1532 2385; baseline 0 -16"><span class='ocrx_word' id='word_1_245' title='bbox 112 2327 281 2379; x_wconf 74' lang='lat' dir='ltr'><em>nendo,</em></span> <span class='ocrx_word' id='word_1_246' title='bbox 309 2328 501 2383; x_wconf 76' lang='lat' dir='ltr'><em>sactum</em></span> <span class='ocrx_word' id='word_1_247' title='bbox 541 2340 632 2369; x_wconf 77' lang='lat' dir='ltr'><em>esse</em></span> <span class='ocrx_word' id='word_1_248' title='bbox 675 2334 719 2368; x_wconf 88' lang='lat' dir='ltr'><em>et</em></span> <span class='ocrx_word' id='word_1_249' title='bbox 751 2325 959 2369; x_wconf 81' lang='lat' dir='ltr'><em>deorsum</em></span> <span class='ocrx_word' id='word_1_250' title='bbox 991 2326 1246 2369; x_wconf 68' lang='lat' dir='ltr'><em>hominibus</em></span> <span class='ocrx_word' id='word_1_251' title='bbox 1276 2328 1532 2385; x_wconf 68' lang='lat' dir='ltr'><em>exemplum</em></span> 
     </span>
     <span class='ocr_line' id='line_1_31' title="bbox 113 2403 1531 2461; baseline -0.002 -14"><span class='ocrx_word' id='word_1_252' title='bbox 113 2403 358 2456; x_wconf 73' lang='lat' dir='ltr'><em>redeundi,</em></span> <span class='ocrx_word' id='word_1_253' title='bbox 390 2412 436 2446; x_wconf 79' lang='lat' dir='ltr'><em>et</em></span> <span class='ocrx_word' id='word_1_254' title='bbox 465 2406 543 2458; x_wconf 76' lang='lat' dir='ltr'><em>ils,</em></span> <span class='ocrx_word' id='word_1_255' title='bbox 576 2407 656 2460; x_wconf 75' lang='lat' dir='ltr'><em>qui</em></span> <span class='ocrx_word' id='word_1_256' title='bbox 681 2417 862 2445; x_wconf 81' lang='lat' dir='ltr'><em>sursum</em></span> <span class='ocrx_word' id='word_1_257' title='bbox 892 2411 1021 2456; x_wconf 80' lang='lat' dir='ltr'><em>suut,</em></span> <span class='ocrx_word' id='word_1_258' title='bbox 1063 2404 1244 2460; x_wconf 74' lang='lat' dir='ltr'><em>angelis</em></span> <span class='ocrx_word' id='word_1_259' title='bbox 1274 2405 1531 2461; x_wconf 73' lang='lat' dir='ltr'><em>exemplum</em></span> 
     </span>
     <span class='ocr_line' id='line_1_32' title="bbox 112 2470 1533 2538; baseline 0.001 -16"><span class='ocrx_word' id='word_1_260' title='bbox 112 2480 342 2524; x_wconf 81' lang='lat' dir='ltr'><em>manendi.</em></span> <span class='ocrx_word' id='word_1_261' title='bbox 414 2481 630 2522; x_wconf 80' lang='lat' dir='ltr'><em>Ecclesiae</em></span> <span class='ocrx_word' id='word_1_262' title='bbox 678 2498 774 2522; x_wconf 79' lang='lat' dir='ltr'><em>sane</em></span> <span class='ocrx_word' id='word_1_263' title='bbox 816 2482 994 2523; x_wconf 82' lang='lat' dir='ltr'><em>decretis</em></span> <span class='ocrx_word' id='word_1_264' title='bbox 1034 2470 1278 2538; x_wconf 78' lang='lat' dir='ltr'><em>neutiquam</em></span> <span class='ocrx_word' id='word_1_265' title='bbox 1329 2495 1533 2538; x_wconf 84' lang='lat' dir='ltr'><em>repugnat</em></span> 
     </span>
    </p>
   </div>
   <div class='ocr_carea' id='block_1_3' title="bbox 114 2559 1533 2615">
    <p class='ocr_par' dir='ltr' id='par_1_3' title="bbox 114 2559 1533 2615">
     <span class='ocr_line' id='line_1_33' title="bbox 114 2559 1533 2615; baseline 0.001 -16"><span class='ocrx_word' id='word_1_266' title='bbox 114 2559 216 2600; x_wconf 73' lang='lat' dir='ltr'><em>haec</em></span> <span class='ocrx_word' id='word_1_267' title='bbox 244 2559 506 2615; x_wconf 85' lang='lat' dir='ltr'><em>propositio,</em></span> <span class='ocrx_word' id='word_1_268' title='bbox 547 2559 727 2615; x_wconf 80' lang='lat' dir='ltr'><em>primam</em></span> <span class='ocrx_word' id='word_1_269' title='bbox 759 2560 932 2612; x_wconf 82' lang='lat' dir='ltr'><em>gratiam</em></span> <span class='ocrx_word' id='word_1_270' title='bbox 965 2559 1142 2612; x_wconf 77' lang='lat' dir='ltr'><em>angelis,</em></span> <span class='ocrx_word' id='word_1_271' title='bbox 1176 2575 1222 2601; x_wconf 89' lang='lat' dir='ltr'><em>ac</em></span> <span class='ocrx_word' id='word_1_272' title='bbox 1255 2559 1406 2600; x_wconf 86' lang='lat' dir='ltr'><em>deinde</em></span> <span class='ocrx_word' id='word_1_273' title='bbox 1438 2576 1533 2615; x_wconf 86' lang='lat' dir='ltr'><em>per-</em></span> 
     </span>
    </p>
   </div>
   <div class='ocr_carea' id='block_1_4' title="bbox 237 2786 752 2840">
    <p class='ocr_par' dir='ltr' id='par_1_4' title="bbox 237 2786 752 2840">
     <span class='ocr_line' id='line_1_34' title="bbox 237 2786 752 2840; baseline 0.006 -13"><span class='ocrx_word' id='word_1_274' title='bbox 237 2787 274 2840; x_wconf 90' lang='lat'><em>&#39;)</em></span> <span class='ocrx_word' id='word_1_275' title='bbox 308 2786 392 2829; x_wconf 72' lang='lat' dir='ltr'><em>Cfr.</em></span> <span class='ocrx_word' id='word_1_276' title='bbox 428 2787 591 2834; x_wconf 80' lang='lat' dir='ltr'><em>Coloss.</em></span> <span class='ocrx_word' id='word_1_277' title='bbox 623 2790 656 2839; x_wconf 85' lang='grc' dir='ltr'><em>Ῐ,</em></span> <span class='ocrx_word' id='word_1_278' title='bbox 686 2790 752 2832; x_wconf 79' lang='lat'><em>20.</em></span> 
     </span>
    </p>
   </div>
  </div>
 </body>
</html>
