1759 3125
444 134 830 176 Oaicssmawoaum
860 130 1003 171 Lmen
1034 131 1064 171 Ι.
1405 132 1460 174 67

453 340 679 383 CAPUT
726 337 1059 381 TERTIUM.

55 455 86 495 Ι.
146 453 383 494 Alexandro
413 452 572 495 Severo
603 449 792 493 succedit
831 449 1097 492 Maximinus.
1167 450 1291 492 Sexta
1322 466 1460 506 perse-

55 530 182 573 cutio,
241 531 297 572 II.
334 529 563 582 Gregorius
609 541 651 570 et
694 528 991 570 Athenodorus
1028 528 1356 568 Neocaesaream
1397 545 1462 569 re-

52 618 214 663 petunt.
283 606 486 659 Origenes
528 606 771 648 Caesaream
815 603 1108 660 Cappadociae
1148 605 1200 645 ad
1248 604 1461 646 Firmilia-

52 701 153 724 num
185 683 384 737 confugit,
418 684 518 724 latet
547 683 658 738 apud
676 681 899 723 Julianam.
955 682 1032 723 III.
1063 681 1251 736 Hexapla
1279 680 1460 722 inchoat.

52 762 124 802 IV.
156 761 313 803 Scribit
362 761 517 801 librum
571 761 623 800 de
670 758 885 817 martyrio.
954 759 1003 801 V.
1043 756 1298 800 Maximinus
1337 757 1461 814 perit,

49 837 238 879 succedit
267 836 520 878 Gordianus.
579 837 651 876 VI.
685 835 890 888 Origenes
919 835 1072 876 iterum
1114 834 1296 875 Athenas
1327 835 1459 890 profi·

52 915 234 966 ciscitur,
265 913 537 956 Ambrosium
569 913 708 953 obiter
737 912 824 953 adit
853 912 1150 964 Nicomediae,
1189 911 1362 953 Athenis
1391 914 1463 953 ab·

50 992 178 1033 solvit
210 990 547 1032 Commentarios
589 1006 686 1031 suos
726 988 768 1029 in
798 989 1006 1030 Joannem
1040 1001 1080 1029 et
1110 988 1151 1029 in
1181 988 1461 1040 Ezechielem,

51 1068 155 1109 alios
184 1067 355 1109 inchoat
392 1066 435 1107 in
477 1066 696 1109 Canticum
739 1065 1023 1107 Canticorum.
1089 1066 1184 1106 Vll.
1218 1065 1462 1107 Caesaream

53 1144 258 1187 Stratonis
296 1143 471 1200 repetit,
522 1142 859 1186 Commentarios
907 1142 949 1183 in
1002 1142 1223 1184 Canticum
1268 1142 1461 1193 absolvit,

50 1221 343 1263 Firmilianum
389 1220 541 1261 iterum
586 1220 628 1261 in
674 1220 939 1276 disciplinam
988 1219 1151 1275 recipit.
1226 1220 1342 1260 VIII.
1393 1221 1461 1261 Ad

52 1299 378 1341 convincendam
408 1297 571 1355 Beryl‘li
602 1297 790 1339 haeresin
824 1298 1018 1338 Bostram
1049 1296 1286 1347 accersitur,
1318 1297 1360 1337 in
1381 1297 1461 1337 Pa-

51 1377 268 1418 laestinam
296 1376 419 1416 redit.
477 1375 554 1416 IX.
588 1373 695 1416 Obit
724 1374 980 1424 Gordianus,
1012 1373 1198 1414 succedit
1224 1373 1459 1429 Philippus.

50 1454 103 1496 X.
134 1455 287 1495 Utrum
342 1469 365 1494 a
412 1451 621 1509 Dionysio
675 1452 959 1492 Alexandrino
1019 1461 1282 1506 oppugnatus
1334 1451 1462 1491 fuerit

51 1530 266 1583 Origenes.
324 1529 402 1572 XI.
436 1528 640 1581 Origenes
670 1527 936 1581 sexagenario
967 1525 1103 1581 major
1141 1526 1285 1567 scribit
1317 1537 1461 1568 contra

51 1608 246 1657 Celsum,
284 1606 326 1647 in
355 1605 638 1654 Matthaeum,
679 1617 720 1645 et
749 1604 790 1645 in
823 1603 1050 1645 duodecim
1080 1603 1329 1658 prophetas;
1359 1603 1460 1644 item

50 1683 286 1724 innumeras
336 1681 546 1737 epistolas.
618 1681 716 1722 XII.
762 1681 916 1721 Utrum
964 1679 1188 1734 Philippus
1227 1680 1463 1736 Imperator

49 1759 179 1802 suerit
209 1744 477 1801 Christianus.
544 1758 664 1800 XIII.
695 1757 904 1798 Homilias
934 1772 1025 1797 suas
1056 1767 1146 1796 tum
1176 1755 1361 1812 primum
1393 1774 1461 1800 ex-

50 1837 135 1893 cipi
165 1835 322 1892 patitur
354 1835 577 1887 Origenes,
615 1834 715 1875 fidei
757 1851 855 1877 suae
893 1833 1201 1890 professionem
1240 1834 1372 1876 mittit
1408 1836 1461 1875 ad

47 1913 282 1955 Fabianum
309 1912 490 1968 Papam,
528 1923 571 1952 et
607 1911 714 1952 alios
755 1911 992 1967 episcopos.
1050 1910 1166 1951 XIV.
1195 1911 1381 1952 Vocatur
1410 1913 1460 1953 ad

51 1989 289 2034 Concilium
333 1990 530 2030 adversus
573 1989 762 2029 Arabum
805 1987 1018 2038 haeresin,
1072 1986 1219 2028 scribit
1264 1989 1460 2030 adversus

377 2064 661 2118 Helcesaitas,
687 2063 892 2121 Apellitas
923 2062 1131 2120 profligat.

159 2180 189 2222 I.
248 2179 364 2220 Dum
411 2177 473 2219 his
520 2178 727 2218 intentum
775 2177 960 2218 animum
1010 2176 1135 2217 habet
1174 2178 1461 2229 Adamantius,

51 2274 190 2300 caesus
221 2268 281 2298 est
312 2273 407 2297 cum
436 2257 672 2297 Mammaea
703 2261 834 2295 matre
868 2254 1102 2296 Alexander
1132 2253 1333 2305 Severus,
1365 2268 1462 2311 post

51 2333 380 2375 administratum
420 2332 535 2374 annis
573 2331 775 2373 tredecim
807 2331 1006 2384 singulari
1039 2330 1294 2373 continentia
1326 2345 1367 2374 et
1396 2349 1463 2374 ae-

53 2411 206 2468 quitate
258 2409 496 2466 imperium.
574 2409 753 2451 Sceleris
798 2421 945 2450 auctor
996 2408 1271 2458 Maximinus,
1332 2411 1460 2451 homo

52 2500 170 2541 gente
199 2503 246 2528 ac
276 2486 465 2527 moribus
494 2486 713 2536 barbarus,
754 2484 797 2525 in
842 2484 1054 2526 demortui
1086 2486 1229 2525 locum
1260 2488 1461 2529 suffectus

54 2577 134 2616 est3
174 2564 240 2605 cui
278 2580 354 2604 nec
386 2563 587 2604 obtulisse
618 2574 821 2613 mortem,
864 2574 905 2603 et
935 2562 976 2603 in
1008 2561 1094 2619 ejus
1126 2561 1369 2615 dignitatem
1400 2564 1463 2605 in-

54 2641 213 2681 volasse
241 2651 480 2690 contentus,
525 2639 640 2696 piam
681 2639 834 2695 optimi
866 2638 1135 2695 Imperatoris
1165 2639 1391 2690 familiam,
1422 2653 1463 2681 et

56 2732 324 2773 quoscunque
356 2734 492 2769 caros,
533 2718 631 2757 dum
672 2729 778 2758 esset
806 2716 850 2757 in
881 2715 1006 2766 vivis,
1053 2716 1272 2766 habuerat,
1324 2716 1460 2756 serino

56 2794 137 2834 ritu
169 2794 367 2834 devexare
407 2809 613 2846 aggressus
655 2805 737 2845 est3
787 2810 832 2834 ac
872 2792 1131 2834 Christianos
1180 2791 1459 2845 potissimum.

59 2869 178 2923 Quos
211 2886 305 2909 cum
337 2885 422 2909 esse
455 2869 598 2909 suisset
630 2885 769 2923 passus
801 2869 1058 2916 Alexander,
1102 2866 1288 2907 funditus
1321 2868 1460 2906 delere

1028 2942 1054 2981 5
1073 2942 1099 2966 >x
