1759 3125
232 49 317 95 200
634 52 778 94 PETRI
806 52 1023 96 DAMEus
1055 53 1220 96 HUErn

239 173 282 203 et
309 162 518 220 Spiritum
547 175 737 206 sanctum
775 183 863 208 non
901 166 990 208 sine
1030 166 1294 223 blasphemia
1326 166 1409 208 dici
1447 181 1571 222 posse
1601 168 1658 207 ait

237 238 523 297 Hieronymus
555 240 598 282 in
628 242 754 284 Zach.
788 244 859 285 lV.
893 268 970 294 --‚
1010 243 1115 283 rami
1150 244 1237 285 sive
1269 244 1408 300 spicae
1436 243 1658 294 olivarum,

238 316 477 359 Incarnatio
510 317 678 369 Christi,
712 332 754 361 et
782 319 1019 361 similitudo
1052 320 1274 361 columbae
1300 321 1483 377 Spiritus
1513 321 1657 362 sancti.

239 392 316 434 Sin
345 404 393 433 ut
421 394 633 436 Davidem
665 396 821 438 Christi
853 408 1002 454 typum
1034 412 1146 448 esse,
1195 409 1235 438 et
1263 410 1311 438 ut
1342 398 1559 452 animalia,
1591 398 1658 438 vel

239 468 359 520 vitas,
390 471 459 511 vel
491 471 624 514 olivas
655 473 907 524 candelabri,
937 472 998 513 sic
1030 484 1071 513 et
1102 474 1375 529 Seraphimos
1404 475 1533 517 Isaiae
1565 491 1660 516 ana-

238 547 385 600 gogice
417 548 572 591 Christi
603 562 644 591 et
675 551 861 606 Spiritus
891 550 1022 591 sancti
1051 552 1245 608 symbola
1275 567 1363 592 esse
1393 552 1532 594 voluit
1561 553 1661 595 Ori-

239 640 386 677 genes,
430 638 479 667 ut
509 639 621 668 certe
653 628 814 679 voluit,
854 644 983 669 vanae
1022 639 1120 668 sunt
1158 629 1410 686 Hieronymi
1452 629 1661 684 querelae.

240 702 403 744 Clarius
441 704 486 745 id
525 704 653 746 etiam
699 705 917 762 sequentia
957 706 1270 757 demonstrant,
1312 706 1356 748 in
1396 708 1549 763 quibus
1587 722 1665 763 per

240 779 343 821 haec
373 783 520 823 verba:
561 783 780 840 „Plena¹)
822 794 883 824 est
924 783 1060 824 omnis
1099 795 1210 824 terra
1249 784 1384 836 gloria
1425 783 1561 842 ejus:“
1591 785 1664 825 ad·

241 869 414 900 ventum
455 859 611 901 Christi
661 861 889 913 significari
935 861 1081 902 scribit
1121 859 1348 912 Origenes:
1393 874 1554 902 certum
1603 873 1664 902 est

242 934 368 987 enim,
400 950 515 988 eum‚'
542 938 658 996 cujus
688 939 822 992 gloria
851 939 977 995 plena
1006 939 1097 980 illic
1117 954 1203 979 esse
1223 937 1378 979 dicitur
1398 951 1522 990 terra,
1552 939 1662 980 hunc

239 1011 378 1067 ipsum
418 1030 506 1056 esse
545 1016 784 1057 Dominum
824 1017 968 1057 Deum
1009 1015 1222 1069 Sabaoth3
1271 1015 1485 1057 Christum
1522 1028 1665 1058 autem

242 1104 340 1131 eum
372 1107 474 1142 esse,
504 1092 620 1150 cujus
651 1094 785 1147 gloria
823 1095 951 1150 plena
992 1105 1053 1134 est
1082 1105 1214 1144 terra,
1255 1093 1460 1146 Origenes
1492 1093 1662 1135 censuit.

242 1165 457 1209 Christum
487 1170 614 1222 igitur
645 1171 827 1212 credidit
856 1171 995 1227 ipsum
1027 1187 1114 1212 esse
1144 1170 1381 1212 Dominum
1413 1171 1558 1212 Deum
1590 1171 1662 1212 Sa·

239 1243 383 1286 baoth.
451 1246 548 1288 Hoc
586 1248 620 1288 si
660 1249 735 1299 sit,
784 1249 952 1290 Christo
998 1248 1079 1304 ipsi
1131 1247 1338 1288 adstitisse
1377 1248 1665 1303 Seraphimos,

240 1337 326 1361 non
356 1339 489 1365 unum
521 1340 568 1365 ex
599 1325 683 1367 illis
716 1326 929 1368 Christum
961 1325 1088 1366 fuisse
1120 1326 1325 1378 Origenes
1356 1325 1666 1366 existimaverit.

243 1398 455 1440 Incassum
496 1401 626 1454 igitur
662 1403 782 1455 fingit
825 1404 992 1460 Haymo
1034 1402 1358 1444 Alberstatensis
1395 1401 1439 1442 in
1469 1402 1580 1443 libro
1613 1404 1665 1444 de

240 1492 383 1517 rerum
426 1479 804 1522 ecclesiasticarum
847 1480 1078 1531 memoria,
1123 1480 1389 1533 Origenianis
1437 1480 1540 1521 haee
1578 1496 1666 1522 esse

245 1554 461 1609 Operibus
492 1556 646 1599 inserta
676 1575 698 1599 a
728 1558 973 1612 malevolis3
1005 1559 1086 1609 vel,
1119 1558 1153 1600 si
1186 1558 1415 1611 Origenem
1447 1569 1665 1599 auctorem

240 1630 408 1683 habent,
442 1634 685 1676 dubitanter
714 1636 842 1677 fuisse
871 1635 1107 1692 proposita.

355 1710 537 1753 XXVII.
596 1713 775 1755 Photius
808 1714 915 1755 Cod.
945 1720 985 1757 ὅ.
1028 1730 1192 1754 errores
1230 1714 1417 1754 referens
1456 1712 1667 1754 librorum

241 1789 346 1843 περὶ
378 1787 552 1846 ἀρχῶν,
583 1791 660 1831 hos
691 1791 748 1831 a'it
777 1791 887 1831 libro
919 1791 1060 1847 primo
1094 1791 1325 1832 contineri:
1365 1788 1555 1845 Λιήκειν
1580 1792 1669 1849 μὲν

242 1863 323 1907 τὸν
353 1871 526 1924 πατέρα
557 1867 633 1911 διὰ
665 1867 853 1912 πάντων
883 1872 973 1912 τῶν
1004 1865 1171 1921 ὄντων,
1213 1868 1294 1913 τὸν
1324 1869 1374 1912 δὲ
1405 1867 1506 1911 υἱὸν
1533 1871 1668 1924 μέχρι

243 1943 333 1983 τῶν
362 1946 560 1999 λογικῶν
589 1944 771 2002 μόνων,
814 1945 863 1990 τὸ
904 1948 955 1991 δὲ
994 1951 1179 2004 πνεῦμα
1215 1950 1350 2003 μέχρι
1387 1944 1546 2001 μόνων
1577 1949 1667 1989 τῶν

244 2023 557 2075 σεσωσιιιένων.
643 2023 802 2064 Codice
850 2041 951 2066 vero
999 2024 1093 2068 106.
1137 2035 1299 2073 narrat,
1345 2023 1666 2075 Theognostum

243 2095 574 2138 Alexandrinum
607 2100 803 2153 Origenis
835 2103 1029 2154 dogmata
1068 2110 1407 2156 propugnantem
1437 2100 1547 2141 libro
1579 2101 1668 2159 Hy-

243 2185 515 2231 potyposeon
540 2178 727 2217 secundo
758 2178 908 2218 dixisse
930 2179 1090 2219 Filium
1118 2181 1208 2220 τῶν
1227 2181 1427 2233 λογικῶν
1447 2177 1665 2235 μόνωνῖ)

244 2252 514 2297 ἐπιστατεῖν.
568 2256 818 2296 Athanasius
855 2255 897 2295 in
930 2256 1054 2306 libro,
1086 2271 1213 2311 quem
1243 2255 1411 2311 scripsit
1440 2256 1484 2297 in
1513 2257 1666 2299 Matth.

243 2329 345 2380 XII,
374 2329 454 2382 32,
485 2332 536 2372 ad
567 2333 722 2373 Novati
752 2334 943 2374 haeresin
973 2335 1074 2374 haec
1105 2334 1306 2374 accedere
1338 2334 1486 2384 docet,
1518 2334 1668 2386 Orige-

243 2423 428 2462 nemque
461 2420 502 2449 et
533 2408 620 2466 ejus
653 2422 905 2451 sectatorem
937 2411 1259 2464 Theognostum
1289 2411 1492 2466 explodit.
1539 2414 1667 2452 Ama-

244 2484 300 2525 ris
332 2485 459 2526 etiam
498 2487 678 2528 defi-icat
717 2487 856 2544 ipsum
898 2489 1092 2530 convitiis
1132 2488 1397 2544 Theophilus
1436 2488 1479 2529 in
1519 2488 1556 2532 1.
1587 2489 1667 2530 Pa-

244 2562 387 2614 schali,
419 2575 460 2604 et
489 2564 652 2606 ratione
691 2583 737 2607 ac
777 2565 1026 2607 auctoritate
1067 2578 1306 2608 commenta
1344 2566 1418 2607 illa
1449 2566 1663 2608 convellit.

362 2791 400 2845 ¹)
430 2791 513 2832 Jes.
546 2792 619 2840 Vl,
650 2790 687 2835 3ἦ
946 2792 988 2848 2)
1020 2793 1096 2834 Ed.
1130 2793 1290 2835 Ruaei:
1322 2790 1481 2847 μόνονς
