1759 3125
218 89 305 134 408
753 91 989 134 Excunsus
1011 89 1101 132 vn.

219 205 451 260 sapientia
483 201 770 259 appellatur:
799 211 843 246 et
875 216 1060 246 rursum
1088 203 1183 245 Dei
1208 203 1366 254 Filius,
1393 214 1478 259 per
1508 214 1635 258 quem..

223 283 377 322 omnia
410 288 574 323 creata
605 288 736 332 sunt,
767 281 895 324 Jcsus
937 281 1145 323 Christus
1185 288 1230 322 et
1260 281 1404 324 Filius
1445 280 1637 322 hominis

225 360 508 400 nominatur.
569 357 689 399 Nam
719 366 764 400 et
796 358 942 401 Ft'lius
973 358 1066 400 Dei
1094 365 1301 400 mortuus
1331 371 1423 400 esse
1455 357 1639 407 dicitnr,

220 447 307 492 pro
339 447 396 476 ea
424 435 597 477 scilicet
631 443 828 485 natura,
877 447 992 491 quae
1032 441 1225 476 mortem
1257 438 1410 491 utique
1440 437 1642 490 recipere

221 519 430 569 poterat:
463 520 509 555 et
533 512 679 556 Filias
713 513 904 555 hominis
935 513 1216 569 appellatur,
1247 515 1325 569 qni
1347 520 1565 554 venturus
1595 513 1643 552 in

226 588 322 631 Dei
357 589 520 631 Patris
560 590 718 647 gloria
757 604 858 632 cam
895 593 1069 632 sanctis
1108 591 1287 646 angelis
1327 587 1645 646 praedicatur.

227 664 290 708 Et
331 664 420 707 hac
462 664 518 709 de
548 681 692 710 cansa
715 680 804 725 per
835 681 1008 710 omnem
1040 668 1332 725 Scripturam
1365 675 1461 708 tam
1493 664 1649 707 divina.

229 749 408 784 natura
438 743 652 788 numanis
681 742 912 787 vocabulis
942 745 1229 802 appellatur,
1269 758 1403 801 qnam
1444 742 1649 784 hnmana

230 826 408 863 natura
457 820 640 864 divinae
690 824 1047 880 nuncupationis
1093 821 1350 878 insignibus
1390 819 1651 862 decoratur.

233 897 390 953 Magis
420 902 543 941 enim
571 897 626 942 de
669 898 778 955 hoc,
827 913 965 956 quam
1003 897 1057 942 de
1095 900 1187 942 ullo
1227 901 1319 941 alio
1359 898 1453 941 (lici
1486 904 1653 955 potest,

233 972 355 1030 quod
379 978 601 1033 scriptum
632 984 724 1030 est,
771 979 878 1034 qnia
910 978 1117 1033 ,‚erunt¹)
1158 979 1283 1019 ambo
1314 978 1356 1018 in
1397 992 1518 1017 carne
1548 991 1653 1027 una3

235 1062 277 1091 et
306 1050 388 1108 jam
419 1070 504 1095 non
534 1066 630 1096 sunt
661 1056 760 1106 duo,
790 1056 864 1096 sed
897 1072 993 1096 caro
1024 1061 1148 1097 una.“
1207 1055 1360 1112 ‘Magis
1389 1057 1509 1096 em'm
1549 1052 1656 1095 Ver-

237 1125 342 1170 bum
371 1130 469 1173 Dei
493 1144 595 1174 cum
638 1134 797 1174 anima
838 1135 884 1174 in
925 1145 1068 1174 carne
1109 1145 1203 1174 una
1241 1145 1354 1183 esse,
1402 1144 1539 1188 quam
1587 1134 1659 1173 vir

236 1218 339 1247 cnm
368 1221 531 1261 uxore,
556 1209 823 1266 putandam
855 1217 935 1252 est.
1008 1208 1101 1252 Sed
1127 1219 1173 1252 et
1203 1224 1320 1251 unns
1349 1213 1538 1266 spiritus
1568 1222 1660 1251 esse

238 1295 341 1324 cnm
373 1284 496 1338 Deo,
548 1290 625 1329 cui
660 1290 813 1343 magis
850 1289 1082 1340 convenit,
1134 1300 1269 1342 quam
1316 1286 1420 1328 huic
1463 1291 1661 1337 animae,

240 1373 356 1416 qnae
395 1375 442 1404 se
483 1365 554 1405 ita
591 1365 691 1407 Deo
726 1377 814 1421 per
844 1362 1131 1405 dilectionem
1152 1365 1346 1420 junxit,
1388 1371 1438 1406 nt
1479 1378 1579 1407 cnm
1610 1379 1660 1407 eo

239 1451 358 1480 unas
385 1443 577 1496 spiritns
607 1444 771 1484 merito
804 1439 1022 1484 dicatur?
1063 1440 1195 1493 Quod
1222 1451 1377 1484 antem
1411 1440 1665 1484 dilectionis

235 1516 491 1572 perfectiO,
530 1527 574 1562 et
616 1521 776 1561 meriti
818 1518 1014 1572 affectus
1043 1521 1289 1561 sinceritas
1318 1523 1365 1561 ei
1391 1519 1511 1562 hanc
1539 1523 1664 1562 inse-

237 1592 502 1649 parabilem
533 1610 635 1639 cum
666 1596 766 1639 Deo
784 1597 966 1652 fecerit
995 1598 1239 1648 unitatem,
1270 1599 1341 1638 ita
1370 1604 1422 1638 ut
1444 1610 1533 1638 non.
1563 1598 1664 1650 for-

243 1674 369 1713 tuita
405 1672 580 1727 faerit,
630 1681 715 1716 aut
758 1687 861 1716 cam
896 1686 1123 1730 personae
1163 1676 1425 1732 acceptione
1479 1678 1664 1718 animae

243 1749 345 1804 ejas,
372 1755 605 1805 assumta
637 1750 720 1795 sed
745 1754 971 1794 virtutum
1003 1765 1193 1793 suarum
1224 1755 1271 1794 ei
1295 1755 1460 1794 merito
1491 1752 1665 1805 delata,

245 1825 364 1868 audi
390 1827 457 1870 ad
484 1843 588 1871 eam
621 1829 898 1887 proplietam
939 1827 1186 1872 dicentem:
1225 1830 1450 1881 „Dilexisti
1471 1831 1514 1887 ²)
1553 1830 1669 1887 justi-

245 1903 370 1955 tiam,
424 1918 466 1947 et
505 1907 633 1949 odisti
680 1907 970 1963 iniquitatem3
1019 1919 1249 1963 propterea
1288 1908 1407 1948 unxit
1451 1919 1492 1948 te
1536 1908 1667 1959 Deus,

247 1980 364 2022 Deus
395 1994 490 2024 tuus
523 1985 621 2025 oleo
660 1985 867 2037 laetitiae,
906 2000 1007 2042 prae
1044 1984 1321 2040 participibus
1360 1985 1486 2026 tuis.“
1542 1986 1671 2027 Dile-

249 2060 414 2101 ctionis
457 2074 569 2117 ergo
612 2066 777 2105 merito
824 2065 1024 2118 ungitur
1068 2061 1162 2103 oleo
1211 2062 1446 2114 laetitiae,
1497 2060 1550 2104 id
1589 2071 1671 2115 est,

253 2138 415 2178 anima
465 2137 641 2181 Christi
693 2153 794 2181 cum
859 2137 997 2182 Verbo
1046 2139 1143 2182 Dei
1195 2138 1402 2181 Christus
1451 2139 1672 2193 efficitur.

260 2213 390 2270 Ungi
424 2229 620 2273 namque
659 2216 752 2258 oleo
794 2217 1032 2268 laetitiae,
1080 2228 1171 2257 non
1212 2213 1344 2256 aliud
1376 2216 1675 2272 intelligitur,

252 2303 391 2346 quam
425 2291 604 2349 Spiritu
642 2299 806 2335 sancto
845 2294 1028 2349 repleri.
1098 2290 1230 2344 Quod
1279 2300 1434 2334 autem
1482 2311 1615 2350 „prae
1630 2296 1672 2353 ³)

255 2369 561 2426 participibus“
594 2369 739 2423 dixit,
770 2369 974 2421 indicat,
1005 2371 1114 2426 quia
1145 2381 1236 2412 non
1263 2373 1436 2425 gratia
1461 2371 1676 2428 Spiritus,

257 2450 375 2489 sicut
399 2447 658 2505 prophetis,
698 2450 745 2490 ei
771 2446 890 2490 data
920 2453 1010 2499 est,
1048 2444 1131 2488 sed
1165 2449 1304 2504 ipsius
1346 2447 1483 2491 Verbi
1509 2450 1604 2492 Dei
1628 2454 1677 2492 in

259 2537 315 2567 ea
343 2523 667 2568 substantialis
705 2529 861 2568 inerat
898 2523 1162 2582 plenitudo,
1197 2527 1315 2568 sicut
1353 2533 1400 2568 et
1437 2528 1678 2585 Apostolus

383 2687 422 2744 ¹)
457 2686 543 2728 Cfr.
575 2688 707 2729 blare.
741 2690 795 2739 X,
825 2688 864 2732 8.
897 2689 996 2730 coll.
1029 2687 1182 2729 Gencs.
1215 2688 1265 2739 Il,
1296 2687 1362 2731 24.

385 2759 428 2812 ²)
459 2758 612 2799 Psalm.
644 2760 774 2810 XLV,
807 2761 842 2802 7.
875 2759 1067 2814 (XLIV.)

385 2829 428 2884 3)
461 2830 549 2871 Cfr.
582 2830 740 2871 Psalm.
770 2831 900 2881 XLV,
933 2830 974 2872 7.
1007 2828 1199 2885 (XLIV.)

1753 236 1759 256 1
