1759 3125
282 126 336 170 78
699 127 839 168 Pmm
869 127 1082 170 Dmmus
1114 129 1276 171 llmmt

279 237 529 294 pontificatu
559 239 759 281 traductis
790 241 925 290 annis,
964 240 1129 280 decimo
1169 252 1284 282 sexto
1324 240 1544 282 Hei-aelam
1574 251 1692 281 natu-

279 331 349 356 rae
381 316 642 357 concessisse.
704 317 766 357 Ita
795 316 1114 369 intelligendum
1145 329 1249 372 puto
1282 318 1533 359 Eusebium:
1565 329 1689 374 atque

278 392 312 434 si
343 405 457 434 recte
489 393 757 451 conjicimus,
787 410 837 435 eo
867 394 959 451 ipso
992 410 1100 435 anno
1130 395 1372 436 Demetrius
1403 395 1569 444 obierit,
1604 409 1688 450 quo

280 469 483 521 Origenes
531 472 768 530 Aegyptum
816 472 1000 528 reliquit.
1077 472 1187 512 Hinc
1232 489 1400 528 quoque
1443 472 1686 513 manifestus

276 546 565 604 Nicephori¹)
598 564 737 599 error,
781 548 853 605 qui
891 560 990 605 post
1028 549 1240 589 decimum
1269 549 1440 590 tertium
1470 550 1687 605 episcopa-

275 634 340 665 tus
371 641 526 666 annum
554 625 787 681 imperante
819 625 1037 667 Gordiano
1069 626 1291 667 Heraclam
1329 627 1551 668 decessisse
1589 627 1689 668 scri-

275 701 350 742 bit.
413 705 466 742 At
496 703 738 758 Scaliger2)
782 703 850 743 hic
881 703 1087 745 memoria
1115 703 1278 760 lapsum
1310 703 1529 745 contendit
1557 703 1688 744 Euse-

274 779 407 830 bium,
457 779 627 836 ejusque
671 781 868 821 adhaeret
899 779 1137 832 Chroni00‚
1182 781 1296 837 quod
1342 798 1451 822 anno
1496 780 1687 836 Philippi

275 857 424 913 quinto
480 857 772 913 episcopatum
825 857 1156 899 Alexandrinum
1205 874 1225 899 a
1281 858 1490 916 Dionysio
1533 857 1685 899 initum

271 935 400 976 fuisse
438 935 577 976 docet.
646 935 695 975 ld
745 951 792 975 ex
839 935 1046 976 constanti
1085 936 1282 976 duntaxat
1331 936 1539 978 Codicum
1585 953 1685 977 con-

270 1029 393 1054 sensu
421 1013 597 1068 probat,
629 1011 702 1068 qui
732 1012 791 1053 sic
820 1012 987 1053 habent.
1045 1012 1189 1055 Futile
1219 1026 1533 1066 argumentum:
1566 1014 1684 1071 quasi

270 1106 358 1131 non
397 1090 609 1132 Historiae
649 1090 910 1132 Eusebianae
949 1090 1130 1133 Codices
1176 1091 1303 1132 tertio
1343 1092 1531 1148 Philippi
1572 1107 1681 1132 anno

271 1179 511 1210 constanter
559 1183 727 1224 quoque
774 1168 820 1209 id
869 1168 1087 1221 assignent.
1170 1169 1295 1210 Certe
1339 1169 1373 1210 si
1418 1185 1465 1210 ex
1510 1168 1683 1210 Eusebii

270 1245 483 1288 Chronico
516 1245 749 1299 castiganda
780 1258 842 1287 est
872 1245 958 1304 ejus
990 1246 1198 1297 Historia,
1227 1246 1432 1287 sexcentis
1462 1247 1682 1298 castigetur

267 1323 386 1374 locis,
417 1323 460 1364 in
492 1323 642 1380 quibus
673 1323 933 1366 dissentiunt.
999 1324 1080 1365 Vel
1118 1323 1160 1364 in
1199 1324 1281 1364 hoc
1320 1324 1524 1366 Heraclae
1553 1340 1683 1365 anno-

267 1419 362 1442 rum
393 1402 700 1458 ἐπιλογισμῷ,
735 1401 901 1442 initium
938 1402 1025 1461 ejus
1055 1401 1322 1458 episcopatus
1352 1404 1518 1443 confert
1549 1403 1682 1444 Chro-

266 1479 394 1521 nicon
434 1478 477 1519 in
515 1495 671 1520 annum
710 1479 937 1521 Alexandri
973 1497 1157 1533 nonum;
1197 1480 1354 1522 exitum
1393 1480 1586 1532 Origenis
1631 1497 1679 1520 ex

265 1557 517 1599 Alexandria
563 1556 606 1597 in
651 1557 946 1611 undecimum3
989 1574 1085 1599 cum
1127 1557 1256 1599 exitui
1295 1557 1486 1611 Origenis
1524 1574 1678 1599 annum

263 1634 494 1677 Alexandri
531 1634 745 1676 decimum
790 1634 997 1677 adscribat
1036 1635 1244 1686 Historia,
1286 1646 1327 1676 et
1363 1648 1461 1691 post
1491 1635 1678 1693 ejusdem

265 1713 423 1755 exitum
468 1712 691 1754 decessisse
730 1713 998 1755 Demetrium
1037 1714 1244 1768 significet
1282 1730 1400 1765 eum,
1439 1713 1506 1755 cui
1544 1714 1676 1755 Hera-

262 1792 345 1834 clas
373 1790 584 1832 successit.

371 1870 425 1911 X.
484 1868 692 1910 Baronius
735 1869 787 1910 ad
833 1884 988 1910 annum
1018 1868 1113 1912 248.
1152 1885 1267 1910 num.
1311 1869 1350 1912 1.
1419 1869 1593 1922 origeni
1632 1870 1673 1910 in

262 1947 458 1988 omnibus
486 1946 709 1987 Heraclam
740 1946 890 1988 favisse
918 1946 1075 1996 scribit,
1105 1958 1230 2002 atque
1259 1946 1357 1987 ideo
1387 1959 1486 2001 post
1514 1947 1674 1988 Deme-

256 2024 328 2066 trii
357 2035 541 2065 mortem
578 2025 762 2066 concitas
798 2025 993 2066 adversus
1033 2040 1129 2065 eum
1167 2025 1307 2064 turbas
1345 2023 1513 2080 penitus
1545 2025 1673 2066 fuisse

260 2101 522 2158 consopitas3
569 2100 825 2158 Dionysium
868 2117 969 2142 vero
1008 2101 1211 2142 Heraclae
1251 2118 1532 2143 successorem
1574 2103 1671 2145 Ori-

257 2180 351 2234 geni
380 2177 708 2221 infensissimum
737 2195 779 2219 se
811 2179 1062 2234 praebuisse.
1110 2179 1247 2236 Supra
1263 2180 1304 2236 ³)
1337 2181 1668 2221 demonstratum

255 2277 278 2301 a
305 2257 427 2300 nobis
459 2268 521 2298 est
550 2257 795 2299 testimonio
827 2255 1059 2308 Gennadii‚
1099 2256 1216 2298 Petri
1246 2257 1541 2309 Alexandrini,
1579 2258 1667 2314 epi-

255 2338 388 2379 stolae
420 2335 642 2395 synodicae
671 2334 977 2392 Aegyptiorum
1008 2336 1271 2391 praesulum,
1313 2347 1353 2377 et
1382 2335 1550 2388 Photii,
1578 2354 1664 2379 non

373 2571 413 2624 ¹)
446 2569 520 2611 Cfr
564 2569 792 2625 Nicephor.
825 2567 896 2608 lib.
923 2569 971 2608 V.
1007 2584 1094 2624 cap.
1126 2568 1191 2610 26.

369 2641 412 2693 ²)
445 2640 530 2681 Cfr.
573 2639 768 2692 Scaliger.
811 2638 1101 2680 animadverss.
1142 2639 1183 2679 in
1225 2639 1380 2681 Chron.
1417 2639 1569 2683 Euseb.
1610 2644 1662 2684 ad

251 2714 343 2738 ann.
374 2695 497 2739 2264.

363 2767 406 2822 3)
436 2766 675 2808 Verisimile
716 2782 801 2806 non
843 2777 903 2806 est
941 2765 1170 2820 quidquam
1208 2766 1258 2806 ab
1297 2765 1474 2806 Heracla
1516 2780 1659 2810 contra

252 2825 478 2878 Origenem
510 2836 650 2865 actum
681 2824 828 2873 fuisse,
868 2834 913 2863 ut
942 2821 1024 2879 jam
1053 2838 1177 2878 supra
1209 2823 1466 2864 ostendimus
1496 2823 1536 2864 in
1568 2841 1655 2881 cap.

248 2883 302 2923 ll.
334 2899 448 2925 num.
478 2882 571 2927 XV,
603 2882 651 2922 R.
