1759 3125
274 97 357 141 368
831 97 1063 141 Exctmsus
1101 100 1131 140 I.

274 209 491 266 potentiae
524 208 704 250 consulit
747 209 788 249 in
834 210 909 250 hac
949 209 1127 251 absurda
1166 210 1393 267 opinione,
1440 213 1514 253 sed
1557 212 1688 269 ipsius

275 289 400 328 etiam
431 287 548 328 Filii.
616 287 836 327 Metuebat
867 285 1001 336 enim,
1041 298 1088 327 ut
1127 288 1195 328 vel
1236 288 1363 330 Pater
1403 290 1688 346 omnipotens,

272 366 339 405 vel
380 365 516 405 Filius
557 364 790 420 aporrhoea
829 364 942 404 illius
985 363 1319 419 omnipotentiae
1356 383 1524 422 semper
1561 368 1687 408 fuisse

270 442 640 491 demonstraretur,
671 441 749 482 nisi
782 440 1033 481 exstitissent
1060 456 1125 480 res
1157 453 1330 492 creatae,
1361 443 1402 483 in
1433 460 1531 500 quas
1563 444 1689 485 Pater

272 531 311 559 et
343 518 502 568 Filius,
540 520 689 574 quibus
726 536 851 559 unam
891 529 932 558 et
971 518 1145 558 eandem
1190 518 1538 574 omnipotentiam
1570 522 1687 563 attri-

269 596 373 646 buit,
406 597 735 637 dominarentur.
797 595 913 636 Haec
956 595 1094 646 legere
1134 607 1195 636 est
1231 595 1272 636 in
1313 596 1385 637 lib.
1420 598 1451 638 Ῐ.
1482 599 1533 638 de
1565 598 1685 638 Prin-

270 674 349 730 cip.
384 691 471 730 cap.
503 675 544 716 2.
576 690 689 714 num.
714 672 778 715 10.
840 672 977 724 Quam
1009 673 1063 712 ob
1094 689 1182 712 rem
1214 673 1315 714 haec
1347 675 1398 714 de
1427 675 1683 715 mundorum

269 752 530 808 antiquitate,
561 762 630 791 aut
660 750 693 790 si
726 749 806 799 vis,
846 748 1089 789 aeternitate
1123 748 1269 804 opinio
1317 767 1400 790 non
1440 751 1568 803 magis
1599 751 1683 791 lae-

266 830 327 870 dit
358 829 646 869 acternitatem
676 825 804 876 Filii,
848 842 972 882 quam
1011 826 1158 868 Patris.
1227 826 1340 868 Hinc
1383 828 1684 881 Hermogenes,

268 907 339 963 qni
379 907 514 946 adhuc
553 904 773 946 absurdius
814 903 1030 944 materiam
1069 903 1295 944 increatam
1325 905 1530 957 fingebat,
1575 905 1681 946 nihil

263 984 364 1025 novi
394 985 444 1024 de
474 982 591 1023 Filio
622 981 720 1032 Dei,
750 992 856 1021 teste
888 980 1169 1031 Tertulliano,
1202 981 1438 1023 effutierat:
1470 999 1547 1023 nec
1579 998 1678 1023 con-

262 1061 522 1110 secutiones,
563 1076 662 1115 quas
694 1076 740 1100 ex
773 1057 860 1116 ejus
890 1057 1093 1098 sententia
1125 1059 1277 1099 merito
1311 1060 1419 1100 eruit
1450 1059 1678 1100 Tertullia-

260 1156 353 1190 nus,
384 1137 513 1191 magis
543 1136 584 1177 in
614 1136 789 1185 Filium,
821 1152 944 1192 quam
978 1135 1021 1176 in
1051 1136 1220 1177 Patrem
1253 1136 1427 1194 injuriae
1456 1148 1563 1178 sunt.

370 1217 444 1256 Vl.
503 1214 812 1269 Aequalitatem
844 1213 946 1253 Filii
978 1229 1071 1252 cum
1102 1213 1252 1263 Patre,
1283 1226 1324 1254 et
1353 1214 1605 1255 substantiae
1635 1215 1678 1255 in

259 1305 443 1348 utroque
473 1290 802 1343 singularitatem
835 1306 881 1329 ex
911 1288 1164 1329 testimoniis
1193 1288 1275 1346 jam
1307 1290 1443 1331 allatis
1474 1293 1676 1346 perfacile

260 1382 320 1411 est
350 1369 563 1421 colligere.
622 1369 728 1408 Nam
761 1366 792 1406 si
825 1366 959 1406 Filius
992 1376 1052 1405 est
1081 1365 1286 1420 splendor
1314 1378 1505 1409 aeternus
1535 1380 1676 1424 pater-

255 1465 331 1489 nae
364 1446 547 1500 gloriae3
585 1444 619 1486 si
649 1445 818 1485 Patrem
851 1443 1197 1499 comprehendit3
1236 1443 1269 1483 si
1301 1444 1507 1501 quidquid
1540 1458 1602 1486 est
1631 1446 1673 1487 in

253 1527 398 1574 Patre,
437 1525 551 1565 idem
593 1522 717 1563 etiam
759 1533 819 1563 est
848 1521 890 1561 in
919 1520 1058 1561 Filio:
1098 1537 1183 1560 non
1215 1521 1412 1572 dubium,
1453 1522 1553 1578 quin
1583 1534 1673 1564 tota

255 1602 390 1644 Patris
420 1600 649 1642 substantia
679 1600 745 1640 illi
777 1597 1086 1640 communicata
1117 1597 1258 1639 fuerit.
1326 1599 1414 1640 Sed
1444 1599 1544 1640 haec
1575 1600 1672 1642 Ori..

252 1681 367 1734 genis
399 1678 590 1721 doctrina
618 1677 761 1718 multis
793 1676 885 1717 aliis
916 1674 1021 1716 locis
1053 1675 1284 1730 expressius
1315 1676 1576 1729 consignata,
1606 1677 1670 1718 in—

252 1756 400 1815 primis
430 1755 592 1798 Homil.
624 1756 739 1796 Vlll.
770 1754 812 1795 in
842 1754 1000 1796 Jerem.
1038 1769 1154 1793 num.
1185 1753 1246 1803 2.‚
1297 1753 1393 1803 ubi,
1443 1766 1669 1810 postquam

252 1837 360 1877 illud
390 1832 722 1877 proverbiorum
753 1832 925 1872 retulit:
957 1830 1197 1885 „Dominus
1219 1831 1257 1886 ¹)
1287 1830 1491 1887 sapientia
1520 1832 1669 1873 sunda-

253 1914 309 1954 vit
339 1925 517 1962 terram,
545 1910 812 1966 praeparavit
851 1909 996 1950 coelos
1032 1908 1317 1964 prudentia:“
1356 1908 1415 1949 sic
1454 1908 1666 1964 loquitur:

239 1987 396 2034 ''Eamv
427 1982 508 2033 οὖν
538 2005 600 2036 τις
630 1986 851 2045 φρόνησις
880 1989 1016 2040 θεοῦ,
1059 1985 1117 2039 ἧν
1144 2003 1226 2042 μοι
1257 1983 1369 2040 ζήτει
1400 1986 1450 2029 ἒν
1481 1989 1663 2042 Χριστῷ

243 2068 406 2123 Ἰησοῦ.
476 2063 636 2108 Πάντα
676 2063 766 2121 γὰρ
805 2061 892 2107 ὅσα
932 2065 1012 2106 τοῦ
1049 2064 1183 2116 θεοῦ,
1224 2065 1409 2105 τοιαῦτα
1451 2063 1501 2104 ἐν
1540 2062 1661 2119 αὐτῷ

247 2147 390 2190 ἔστιν·
424 2142 445 2188 ὁ
480 2139 675 2198 Χριστός
714 2142 805 2184 ἐστι
848 2145 991 2197 σοφία
1022 2143 1100 2183 τοῦ
1132 2141 1268 2193 θεοῦ,
1304 2136 1437 2186 αὐτὸς
1467 2138 1663 2194 δύναμις

244 2225 383 2277 θεοῦ,
423 2219 554 2269 αι’-τὸς
593 2216 858 2270 δικαιοσύνη
896 2219 1030 2271 θεοῦ,
1077 2215 1211 2264 αὐτὸς
1240 2215 1486 2273 ἁγιασμὸς,
1528 2216 1662 2266 αὐτὸς

245 2297 568 2354 ἀπολύτρωσις,
599 2294 729 2344 αὐτὸς
759 2292 978 2351 ᾳρόνησις
1017 2295 1095 2336 τοῦ
1126 2295 1253 2336 θεοῦ.
1314 2293 1430 2334 Nihil
1470 2309 1567 2334 sane
1607 2296 1657 2335 ad

242 2377 446 2419 unitatem
478 2373 737 2415 numericam
776 2370 976 2412 essentiae
1016 2381 1057 2410 et
1095 2370 1391 2426 aequalitatem
1423 2370 1658 2424 significan-

240 2455 322 2496 tius
354 2453 436 2494 dici
468 2463 623 2508 potest,
654 2466 778 2506 quam
810 2447 948 2489 omnia
976 2446 1112 2488 Patris
1137 2447 1335 2488 attributa
1355 2447 1395 2488 in
1417 2448 1531 2489 Filio
1553 2464 1655 2499 esse,

239 2543 286 2572 ut
318 2531 533 2585 conceptis
571 2527 709 2569 verbis
747 2527 932 2568 declarat
971 2524 1188 2576 Origenes.
1256 2525 1375 2565 Hanc
1404 2526 1654 2567 sententiam

240 2624 286 2648 ex
321 2606 476 2648 Christi
515 2605 652 2646 verbis
692 2603 864 2646 deducit
893 2603 1017 2644 Tom.
1048 2602 1143 2643 XX.
1183 2601 1225 2642 in
1255 2601 1404 2643 aoann.
1436 2619 1551 2648 num.
1570 2603 1654 2654 30.,

237 2685 310 2726 ubi
328 2685 387 2726 sic
408 2682 620 2739 loquitur:
649 2681 728 2725 Sin
746 2693 850 2724 vero
872 2681 1014 2722 etiam
1032 2676 1168 2721 dicit:
1186 2679 1428 2729 „Judicium
1445 2681 1488 2737 ²)
1508 2696 1651 2722 meum

357 2839 396 2895 ¹)
427 2836 554 2880 Prov.
586 2836 663 2888 Ill,
695 2835 760 2882 19.
878 2834 921 2891 2)
951 2833 1027 2876 Ev.
1058 2834 1209 2875 Joann.
1240 2833 1293 2883 V,
1323 2831 1391 2876 30.

1751 2507 1759 2661 -ι--ι-Αι
1746 2136 1759 2491 -Q—a—-'
1758 2116 1759 2121 Α
