1759 3125
206 87 261 132 14
625 89 765 132 Pssrm
805 90 1020 132 DANOELIS
1052 90 1215 132 HGE-ru

208 201 267 243 vit
304 202 528 253 Augustini
567 193 725 245 simius‘
758 202 1059 243 praedestinati
1109 215 1277 253 auctor,
1332 220 1455 259 quem
1499 204 1632 245 edidit

207 280 473 323 sirmondus.
545 279 618 322 Sic
660 280 770 320 enim
813 279 981 335 scripsit
1022 280 1135 321 haer.
1168 280 1236 322 42.
1321 278 1636 336 Qnmlragesc‘-

206 371 331 399 mum
360 365 406 399 et
435 355 684 399 secundam
725 357 936 399 luteres-ln
973 357 1255 413 Ort’gem'mec'
1282 356 1633 413 inchoaverunt,

207 449 238 476 a
268 433 463 490 quodam
495 434 719 490 Origene,
761 449 851 476 non
882 436 988 489 illo,
1028 435 1236 490 qm'sere
1268 433 1473 476 omuibus
1505 443 1639 477 notas

205 520 290 567 est,
319 511 401 554 sed
428 512 519 553 allo
550 511 666 567 Syro
695 511 891 567 quodam
932 512 1294 554 sceleratas-[mo.
1357 512 1495 552 Verba
1537 514 1638 553 haec

207 590 451 642 Augustini:
483 588 565 631 Sed
593 587 651 630 ab
684 590 774 630 allo
806 593 953 630 nescio
987 603 1090 645 quo,
1138 590 1305 630 videtur
1336 591 1438 630 salsa
1474 591 1547 630 hac
1582 590 1638 630 le-

207 668 348 708 ctione
381 668 650 723 depravasse:
689 665 772 708 sed
811 667 901 708 allo
933 667 1048 722 Syro
1080 665 1288 723 quodam.
1351 667 1466 706 Idem
1501 666 1638 721 capite

207 745 401 800 sequenti
442 744 572 784 alium
613 744 736 785 nobis
777 744 969 785 obtrudit
1011 745 1238 797 Origenem
1291 746 1342 785 ab
1386 743 1637 785 Adamantio

205 835 353 862 nostro
398 821 634 872 diversum,
683 823 929 874 dogmatum
972 838 1123 863 eorum
1164 834 1406 871 auctorem,
1454 838 1638 877 quorum

209 899 512 940 Adamantium
542 900 806 955 Epiphanius
838 900 1060 942 accusavit.
1133 900 1402 956 Sophronius
1433 899 1640 939 Hieroso-

207 977 434 1036 lymitanus
466 979 518 1018 ab
550 977 793 1033 Epiphanio
826 977 1050 1029 inductus,
1083 977 1298 1030 geminum
1332 993 1504 1032 quoque
1538 977 1637 1019 Ori-

206 1071 369 1108 genem,
401 1056 580 1095 alterum
610 1054 924 1111 antiquiorem,
964 1055 1268 1096 Adamantium
1309 1056 1489 1095 alterum
1522 1070 1639 1095 com-

205 1144 417 1173 memorat
447 1132 490 1173 in
521 1148 572 1188 ep
616 1133 668 1172 ad
700 1133 918 1185 Sergium.-
961 1134 1077 1189 quod
1120 1132 1420 1173 observatione
1460 1148 1533 1172 sua
1574 1132 1637 1172 di-

205 1226 333 1263 gnum
372 1209 551 1250 Photius
594 1209 846 1251 existimavit
887 1211 993 1253 Cod.
1026 1210 1123 1254 231.
1208 1211 1254 1250 Iu
1302 1210 1448 1250 eadem
1498 1226 1639 1250 caussa

206 1299 268 1329 est
297 1289 483 1329 Joannes
520 1288 829 1340 Damascenus‚
874 1287 918 1328 in
956 1288 1049 1329 libr.
1093 1290 1145 1329 de
1186 1287 1389 1328 haeresib.
1422 1286 1637 1339 geminum

205 1366 365 1418 fingens
405 1366 650 1417 Origenem,
701 1365 813 1405 unde
859 1365 1051 1421 duplices
1101 1366 1183 1406 orti
1234 1365 1316 1406 sint
1357 1364 1637 1417 Origenistae,

204 1443 360 1498 Foedi,
395 1456 436 1484 et
469 1442 713 1483 Adamantii
742 1454 982 1483 sectatores.
1050 1445 1192 1499 Atque
1224 1442 1327 1483 item
1357 1443 1501 1484 Guido
1537 1443 1639 1484 Car-

204 1522 364 1571 melita,
393 1520 588 1560 Elnensis
619 1519 870 1576 episcopus,
914 1520 987 1576 qui
1027 1520 1273 1573 figmentum
1314 1521 1428 1561 idem
1459 1519 1638 1576 arripuit

205 1600 248 1641 in
280 1600 458 1641 Summa
490 1598 542 1638 de
573 1598 730 1640 baereS.
792 1600 932 1653 Atque
962 1597 1018 1638 ita
1051 1598 1192 1638 duone
1225 1597 1459 1638 exstiterint
1487 1597 1638 1649 Orige-

204 1694 278 1719 nes
311 1675 645 1729 Origenistarum
685 1675 900 1731 principes
939 1673 1206 1715 addubitavit
1244 1674 1533 1730 Epiphanius3
1573 1690 1637 1714 as-

204 1765 450 1796 severarunt
479 1751 763 1805 Augustinus,
795 1753 1088 1809 Sophronius‚
1124 1764 1164 1793 et
1193 1753 1380 1793 Joannes
1409 1753 1638 1792 Damasce-

204 1849 304 1884 nus;
342 1843 426 1872 tres
464 1842 605 1871 autem
643 1830 763 1870 finxit
803 1842 952 1871 auctor
982 1829 1311 1880 praedestinati,
1350 1830 1536 1886 scriptor
1562 1846 1638 1870 ne-

206 1926 345 1966 quam,
376 1920 424 1948 ut
454 1908 523 1947 vel
555 1924 602 1947 ex
635 1924 685 1947 eo
720 1907 940 1965 conjicias,
984 1909 1106 1964 quod
1149 1909 1302 1948 eodem
1344 1907 1481 1962 capite
1512 1907 1637 1947 Pam·

205 1986 371 2043 philum
424 1995 670 2042 martyrem,
731 1985 984 2041 episcopum
1034 1984 1262 2039 aliquando
1314 1984 1442 2025 fuisse
1494 1985 1633 2027 tradit.

207 2065 341 2120 Quod
380 2074 521 2103 autem
561 2062 814 2102 asseveravit
864 2061 1141 2114 Augustinus,
1188 2062 1355 2114 negavit
1394 2063 1439 2102 id
1479 2062 1634 2103 diserte

203 2141 414 2183 Baronius
454 2141 507 2180 ad
546 2155 638 2181 ann.
672 2139 792 2188 256.,
825 2152 866 2180 et
897 2156 1080 2188 caussas,
1113 2156 1188 2179 cur
1218 2139 1374 2194 duplex
1406 2140 1636 2192 fingeretur

207 2219 432 2272 OrigeneS,
471 2229 593 2258 acute
631 2216 940 2272 pervestigavit.
1008 2219 1272 2258 Memoratus
1303 2234 1433 2272 porro
1465 2218 1516 2257 ab
1546 2217 1634 2257 Eu·-

203 2297 330 2353 napio
378 2296 421 2336 in
468 2295 551 2335 vita
595 2294 821 2352 Porphyrii
863 2295 1066 2347 Origenes
1107 2295 1205 2344 ille,
1261 2311 1386 2350 quem
1437 2295 1630 2345 diximus,

207 2373 436 2431 Porphyrii
468 2385 509 2413 et
542 2373 697 2414 Amelii
731 2373 1068 2429 condiscipulus,
1108 2372 1277 2412 idemne
1310 2373 1362 2412 sit
1393 2389 1440 2413 ac
1473 2372 1630 2413 sodalis

202 2453 276 2493 ille
309 2450 483 2500 Plotini,
514 2467 566 2491 an
597 2451 714 2501 alius,
746 2468 832 2491 non
864 2451 960 2491 satis
993 2462 1143 2501 exstat3
1175 2466 1270 2490 nam
1303 2448 1376 2505 qui
1408 2465 1503 2488 cum
1529 2448 1630 2489 Plo-

204 2531 294 2572 tino
325 2529 601 2570 Ammonium
642 2529 803 2569 audivit
842 2529 1067 2581 Origenes,
1114 2527 1278 2568 Plotini
1318 2525 1503 2582 aequalis
1546 2526 1630 2566 fuit

206 2620 248 2649 et
277 2607 458 2655 amicus,
496 2623 574 2647 nec
613 2606 808 2648 doctrina
839 2606 1039 2654 inferior,
1065 2618 1112 2646 ut
1144 2605 1183 2645 ei
1213 2606 1266 2645 ad
1297 2620 1340 2644 se
1370 2603 1631 2644 audiendum

206 2688 316 2728 forte
348 2684 534 2725 venienti
565 2686 813 2725 erubescens
845 2694 1076 2736 assurgeret
1106 2682 1322 2731 plotinus,
1365 2697 1444 2721 nec
1486 2697 1629 2722 coram

204 2781 255 2805 eo
286 2764 412 2803 verba
445 2763 581 2803 facere
611 2763 856 2804 sustineret:
896 2773 937 2803 at
978 2761 1169 2801 laudatus
1209 2761 1260 2800 ab
1300 2757 1498 2814 Eunapio
1531 2758 1630 2799 Ori-

203 2858 326 2896 genes
359 2840 465 2883 alter
494 2840 654 2882 Plotini
695 2842 882 2883 scholam
924 2838 1090 2879 videtur
1121 2839 1431 2895 frequentasse,
1470 2835 1628 2892 quippe
