1759 3125
455 78 841 121 OR1G1-:N1AN0RUM
869 78 1012 119 Lnffln
1042 78 1096 120 11.
1392 76 1470 121 191

68 190 180 234 enim
217 203 376 234 tantum
416 187 666 230 discriminis
710 188 854 243 posuit
901 187 1003 228 Filii
1046 187 1157 229 inter
1196 198 1236 228 et
1273 190 1472 231 materiae

66 267 417 324 procreationem,
449 267 564 321 quod
593 265 666 306 ille
695 266 748 305 sit
765 266 1103 320 primogenitus
1127 265 1269 306 Omnis
1290 272 1473 306 creatu-

66 357 162 394 rae,
195 355 235 383 et
258 344 372 398 quod
389 359 487 397 prae
506 342 662 382 naturis
688 341 860 398 reliquis
880 341 932 382 sit
962 338 1234 396 τελειωτάτη,
1267 352 1314 381 ut
1335 341 1474 396 loqui-

64 432 131 461 tur
155 421 348 461 Clemens
376 419 679 460 Alexandrinus
702 419 794 459 libr.
813 419 904 459 Vll.
930 419 1100 468 Strom.,
1132 421 1208 460 καὶ
1229 415 1470 474 ἁγιωτάῑη,

63 499 138 539 καὶ
165 495 428 552 κυριωτάτη,
460 500 535 538 καὶ
566 493 946 551 ἡγεμονικωτάτη,
978 498 1054 538 καὶ
1082 493 1412 550 βασιλικωτάτη
1444 494 1469 549 ἡ

61 573 160 614 υἱοῦ
202 571 358 628 (μ’-(ης,
411 571 434 626 ἡ
474 576 534 628 τῷ
574 570 703 628 μόνῳ
751 569 1082 628 παντοκράτορι
1122 571 1470 628 προσεχεσιάτη.

61 648 147 689 Sed
176 665 324 703 parum
355 650 548 699 interest,
589 665 667 705 qua
706 665 810 690 voce
842 649 942 691 Filii
973 661 1113 689 ortum
1143 665 1166 689 a
1194 649 1319 689 Patre
1349 649 1473 700 signi-

60 725 262 776 ficaverit,
292 725 377 766 sive
408 723 584 769 κτιστύν
613 726 852 781 appellans,
891 726 978 767 sive
1007 725 1215 780 ποιηῖόν,
1245 725 1331 766 sive
1362 742 1470 782 γεν-

60 801 219 856 νητόν,
259 804 491 843 dummodo
534 804 584 844 de
622 819 667 843 re
710 815 883 845 constet.
960 803 1234 844 Blanifestum
1272 803 1369 843 hinc
1410 814 1472 843 est

64 880 201 929 etiam,
234 895 317 934 quo
350 896 472 920 sensu
501 879 651 920 dixerit
680 880 805 922 Tom.
825 880 874 922 ll.
905 880 949 921 in
978 881 1128 921 Joann.
1164 897 1278 921 num.
1297 879 1336 922 2.
1396 880 1470 920 Fi—

63 956 169 996 lium
200 973 221 997 e
254 956 467 997 divinitate
499 957 632 998 Patris
664 957 927 998 divinitatem
964 974 1081 999 suam
1120 957 1285 998 haurire
1317 968 1358 997 et
1387 968 1470 997 tra-

62 1033 185 1074 here:
219 1033 309 1078 ἀπὸ
341 1037 420 1078 τοῦ
450 1037 559 1078 θεοῦ
589 1033 842 1092 εἰρύσαντα,
882 1046 944 1076 et:
984 1034 1222 1079 σπάσαντα
1253 1038 1330 1089 τῆς
1359 1032 1470 1078 θεό-

63 1258 187 1299 aliter
214 1259 338 1298 rebus
371 1258 517 1299 creatis
534 1258 822 1300 aeternitatem
839 1259 1058 1301 adscribit:
1089 1259 1177 1300 istis
1204 1257 1468 1316 conjiciendo

64 1341 106 1369 et
137 1328 391 1378 dubitand03
421 1327 490 1368 isti
520 1330 767 1370 affirmando
812 1342 853 1371 et
890 1331 1186 1371 asseverando:
1226 1329 1336 1378 istis,
1375 1329 1472 1384 quia

65 1398 189 1438 aliter
217 1399 333 1438 Deus
366 1396 634 1452 omnipotens
665 1416 832 1454 semper
860 1399 984 1440 fuisse
1015 1416 1100 1439 non
1131 1399 1362 1447 videbitur,
1392 1399 1472 1438 nisi

63 1468 227 1523 aliquid
267 1483 344 1507 suo
384 1467 602 1507 dominatu
632 1480 812 1520 teneret;
856 1469 924 1510 isti
953 1485 1074 1518 verO,
1116 1469 1211 1524 quia
1252 1481 1312 1509 est
1340 1470 1471 1518 Deus,

60 1540 261 1587 Verbum,
292 1537 519 1592 Sapientia,
550 1539 733 1588 Veritas,
763 1539 966 1593 splendor
994 1538 1128 1578 Patris
1162 1551 1203 1579 et
1232 1540 1369 1591 imago
1400 1540 1473 1579 ab·

62 1608 339 1657 solutissima,
385 1607 452 1647 cui
491 1606 594 1647 nihil
632 1608 759 1657 desit,
806 1610 920 1665 quod
960 1610 1131 1665 quidem
1168 1609 1222 1649 sit
1260 1608 1303 1648 in
1333 1609 1473 1653 Patre,

65 1679 182 1733 Quin
221 1678 344 1718 etiam
384 1694 470 1717 non
501 1677 630 1718 solius
669 1678 803 1719 Patris
844 1679 1175 1734 omnipotentiae
1218 1678 1399 1719 consulit
1428 1679 1472 1718 in

63 1751 139 1790 hac
169 1749 345 1789 absurda
375 1747 598 1802 opinione,
635 1750 707 1788 sed
745 1748 875 1803 ipsius
916 1749 1040 1789 etiam
1069 1748 1186 1790 Filii.
1252 1749 1473 1789 Metuebat

66 1820 191 1869 enim,
219 1830 266 1858 ut
296 1818 364 1857 vel
393 1817 518 1858 Pater
548 1819 838 1873 omnipotens,
878 1819 945 1859 vel
986 1819 1121 1859 Filius
1159 1819 1392 1873 aporrhoea
1422 1819 1473 1858 il-

61 1892 140 1932 lius
172 1887 503 1943 omnipotentiae
536 1904 704 1943 semper
731 1888 857 1928 fuisse
890 1888 1269 1937 demonstraretur,
1299 1889 1376 1929 nisi
1408 1905 1476 1928 ex·-

63 1961 263 2003 stitissent
290 1975 355 1999 res
388 1969 562 2007 creatae,
595 1958 636 1997 in
668 1975 767 2013 quas
791 1958 916 1998 Pater
933 1958 1138 2007 etFilius‚
1171 1958 1318 2013 quibus
1350 1975 1475 1998 unam

66 2036 108 2073 et
138 2030 313 2071 eandem
343 2028 699 2083 omnipotentiam
731 2028 934 2078 adhibuit,
966 2029 1298 2070 dominarentur.
1360 2031 1473 2070 Haec

64 2101 201 2153 legere
231 2110 292 2138 est
321 2098 363 2137 in
395 2097 467 2138 lib.
500 2099 531 2138 I.
561 2098 826 2153 de-Princip.
872 2114 960 2153 cap.
990 2098 1029 2140 2.
1060 2115 1174 2140 num.
1208 2100 1270 2142 10.
1334 2100 1474 2154 Quam

68 2174 124 2212 ob
153 2187 240 2211 rem
269 2169 371 2208 haee
404 2169 454 2208 de
484 2170 740 2208 mundorum
771 2168 1039 2225 antiquitate,
1070 2180 1142 2209 aut
1172 2169 1206 2209 si
1237 2170 1309 2220 vis,
1342 2184 1476 2212 aeter-

64 2242 194 2283 nitate
225 2239 394 2295 opinio,
431 2255 518 2278 non
549 2239 675 2290 magis
707 2239 835 2279 laedit
864 2240 1152 2280 aeternitatem
1182 2240 1307 2291 Filii,
1350 2258 1474 2297 qnam

64 2312 213 2354 Patris.
271 2309 381 2348 Hinc
412 2309 711 2360 Hermogenes,
742 2309 814 2364 qui
845 2310 981 2350 adhuc
1011 2310 1228 2350 absurdius
1257 2313 1474 2353 materiam

65 2381 294 2422 increatam
323 2379 517 2430 fingebat,
547 2378 652 2419 nihil
683 2379 782 2418 novi
815 2380 866 2419 de
896 2379 1010 2419 Filio
1043 2380 1140 2430 Dei,
1171 2392 1275 2422 teste
1306 2383 1475 2424 Tertul-

65 2450 193 2500 liano,
225 2450 460 2500 effutierat3
495 2466 572 2489 nec
605 2449 944 2499 consecutiones,
985 2466 1084 2504 quas
1116 2467 1161 2490 ex
1195 2450 1280 2507 ejus
1310 2466 1476 2494 senten-

64 2521 124 2562 tia
151 2519 304 2560 merito
335 2519 443 2560 cruit
473 2519 777 2569 Tertullianus,
815 2519 942 2571 magis
980 2519 1023 2559 in
1054 2519 1236 2570 Filium,
1278 2539 1401 2578 quam
1433 2525 1475 2564 in

69 2590 238 2630 Patrem
280 2588 455 2645 injuriae
493 2600 600 2630 sunt.
669 2590 894 2631 Dominus
930 2588 1151 2631 Prudent.
1198 2591 1368 2633 Marma
1419 2592 1474 2634 de

72 2656 246 2699 divinit.
280 2658 450 2700 Chrt‘stz'
479 2660 551 2700 lib.
583 2659 660 2701 IV.
693 2660 875 2716 cap.14.
907 2672 1026 2700 num.
1048 2660 1085 2702 5.
1155 2659 1261 2703 Vide
1291 2664 1476 2718 insuper

72 2727 259 2769 Bullum
290 2727 460 2782 defens.
485 2728 606 2783 fidei
648 2730 879 2773 Mcaenae
916 2728 971 2772 de
1008 2730 1123 2774 Fc'le'c'
1155 2734 1214 2788 τῷ
1256 2737 1473 2787 συναί·ι)ἰ’ῳ

72 2811 173 2854 cap.
206 2798 244 2842 3.
275 2810 394 2841 num.
424 2798 465 2842 6.
497 2801 548 2845 R.
