1759 3125
500 103 892 144 ORIGENIANORUM
930 102 1072 143 Lmen
1103 104 1136 144 I.
1477 106 1527 149 11

108 213 184 254 Est
213 213 324 268 apud
355 213 622 253 wernerum
653 212 696 253 in
738 213 960 255 Fasciculo
1001 225 1266 269 temporum,
1307 216 1532 257 Alexandri

110 290 154 330 in
183 289 572 347 Hierosoly-mitano
605 290 854 346 episcopatu
886 291 1151 332 decessorem
1176 291 1415 332 Narcissum
1436 293 1533 334 Ori-

111 366 222 418 genis
254 366 379 407 fuisse
410 367 664 419 magistrum.
734 367 840 408 Tale
882 367 1054 423 quidem
1091 368 1196 408 nihil
1235 369 1364 408 habet
1399 369 1532 409 Euse-

108 443 226 497 bius3
267 461 404 500 neque
448 456 584 494 certe,
626 445 737 484 unde
769 443 814 485 id
844 445 1039 485 sumserit
1067 445 1324 496 &verneruffi
1356 447 1533 487 commi-

106 519 211 560 nisci
259 538 443 576 possum.
535 520 754 562 Halloxius
803 521 1029 573 Origenem
1078 523 1223 562 scribit
1272 523 1532 566 Pantaenum

110 614 280 653 quoque
312 609 633 654 praeceptorem
666 597 893 649 audivisse3
927 599 993 638 cui
1022 599 1082 639 uti
1102 600 1387 650 assentiamur,
1417 603 1533 643 nulla

107 691 185 715 nos
235 676 450 716 adducunt
497 677 700 716 Veterum
744 675 1008 727 testimonia3
1059 676 1146 716 imo
1192 693 1292 717 vero
1338 679 1534 731 refragari

112 751 237 792 etiam
270 753 490 793 videntur:
521 751 750 792 memoriae
783 752 940 808 quippe
970 753 1117 809 prodit
1146 753 1352 795 Eusebius
1385 755 1534 808 Orige-

110 845 209 869 nem
242 829 366 869 etiam
396 841 485 870 tum
516 846 694 885 puerum
732 829 961 871 Clementis
991 830 1228 871 auditorem
1259 830 1406 883 fuisse—3
1436 846 1534 889 post

109 905 367 946 Pantaenum
397 917 536 946 autem
568 908 876 948 Alexandrinae
907 907 1088 949 scholae
1118 907 1382 949 Clementem
1413 928 1533 966 prae-

109 983 250 1025 fuisse.
319 984 517 1024 Docendi
556 983 684 1036 igitur
724 1001 863 1024 curam
906 996 1005 1025 tunc
1045 984 1247 1041 abjecerit
1285 986 1533 1040 Pantaenus,

111 1076 204 1099 cum
235 1060 420 1116 primum
450 1060 657 1113 magistris
695 1079 792 1102 usus
832 1073 892 1102 est
931 1062 1148 1114 Origenes.
1219 1064 1398 1105 Narrant
1428 1083 1535 1121 quo-

109 1153 190 1192 que
221 1138 602 1190 Magdeburgenses
637 1139 810 1180 Centur.
830 1139 903 1181 lII.
938 1156 1025 1194 cap.
1053 1139 1106 1183 10
1148 1140 1256 1180 inter
1285 1156 1536 1199 praecepto-

108 1230 174 1254 res
207 1215 401 1267 Origenis
433 1215 628 1256 Huillum
660 1215 868 1256 recenseri
898 1216 948 1256 ab
988 1215 1251 1274 Hieronymo
1296 1219 1339 1259 in
1370 1221 1537 1276 Apolo—

111 1290 173 1342 gia
206 1292 247 1331 in
279 1293 496 1333 Rufinum.
569 1294 636 1334 Ab
677 1293 825 1333 Huillo
866 1292 1038 1348 quidem
1082 1296 1286 1336 nonnulla
1325 1298 1536 1340 monitum

109 1368 236 1409 fuisse
269 1369 512 1421 Origenem,
545 1387 651 1426 quae
684 1371 735 1411 ad
767 1369 975 1410 veriorem
1008 1371 1255 1427 scripturae
1287 1373 1536 1430 interpreta-

110 1445 271 1486 tionem
311 1447 597 1502 pertinerent,
651 1459 793 1487 narrat
837 1447 1122 1507 Hieronymus
1170 1450 1356 1504 Apolog.
1398 1452 1470 1493 lib.
1501 1455 1535 1494 Ι.

112 1538 199 1577 cap.
231 1523 270 1566 3.
333 1523 464 1578 Quod
503 1524 535 1564 si
576 1535 828 1579 praeceptor
869 1523 1072 1565 dicendus
1104 1537 1184 1575 est,
1226 1527 1296 1581 qui
1328 1541 1536 1571 errantem

111 1599 288 1640 meliora
317 1616 398 1655 pro
429 1613 624 1656 tempore
656 1600 788 1641 amice
828 1602 1075 1651 submonet,
1125 1604 1321 1657 profecto
1362 1606 1538 1660 quicun-

112 1692 194 1731 que
236 1676 368 1717 literis
411 1678 556 1717 damus
601 1694 798 1733 operam,
844 1679 979 1718 nostri
1020 1678 1201 1719 invicem
1240 1695 1538 1738 praeceptores

111 1770 266 1803 sumus,
299 1754 455 1810 quippe
487 1755 557 1811 qui
589 1771 664 1795 nos
695 1755 877 1796 invicem
908 1755 1081 1796 monitis
1123 1755 1312 1812 juvamus
1352 1771 1393 1800 et
1437 1778 1534 1803 con·

112 1830 228 1881 siliis,
261 1844 301 1872 et
332 1834 436 1873 hanc
467 1831 628 1872 veniam
660 1832 941 1888 petimusque,
975 1834 1204 1889 damusque
1236 1835 1429 1879 vicissim.
1452 1840 1489 1895 Ι)

226 1910 296 1949 VI.
354 1910 456 1950 Duo
487 1924 619 1964 porro
651 1908 719 1949 hic
751 1909 930 1950 videnda
960 1921 1067 1960 sunt,
1098 1923 1238 1951 utrum
1262 1916 1535 1958 Ammonium

110 1986 320 2027 audiverit
351 1987 581 2038 Origenes3
611 1997 701 2025 tum
731 1986 929 2041 pluresne
968 1986 1090 2044 hujus
1129 1989 1312 2031 nominis
1353 2008 1400 2032 ex
1435 1999 1534 2034 Am-

110 2064 246 2104 monii
285 2064 428 2104 schola
467 2062 726 2118 prodierint:
774 2063 874 2104 haec
917 2064 1029 2104 enim
1067 2081 1087 2105 a
1137 2065 1236 2107 viris
1278 2070 1450 2111 eruditis
1491 2073 1533 2113 in

110 2154 332 2197 utramque
372 2152 533 2197 partem
578 2140 785 2196 disputata
826 2152 934 2182 sunt.
1006 2142 1201 2183 Priorem
1244 2147 1531 2200 quaestionem

110 2220 237 2272 agitat
264 2218 472 2259 Baronius
502 2218 552 2258 ad
585 2234 737 2258 annum
772 2218 1055 2269 Christi232„
1086 2220 1311 2277 mirarique
1342 2241 1385 2265 se
1417 2227 1532 2278 dicit,

113 2296 184 2352 qui
217 2296 362 2337 audire
395 2295 670 2336 Ammonium
713 2295 902 2351 potuerit
937 2296 1140 2348 Origenes
1180 2301 1412 2343 Ammonio
1444 2305 1533 2345 fere

111 2385 244 2414 aetate
288 2390 463 2428 suppar,
512 2385 553 2413 et
590 2373 771 2413 aliorum
810 2373 898 2428 ipse
943 2373 1198 2414 institutioni
1248 2388 1342 2417 ante
1381 2395 1556 2436 annum·

111 2450 257 2491 aetatis
287 2450 547 2490 tricesimum
579 2452 831 2506 praefectus.
903 2449 1034 2504 Quasi
1065 2467 1149 2491 non
1181 2452 1242 2492 his
1272 2470 1396 2510 saepe
1427 2468 1535 2498 tem-

111 2527 307 2583 poribus,
347 2539 394 2568 ut
421 2527 612 2583 pluribus
642 2527 915 2583 probabimus
946 2527 1073 2578 infra,
1112 2528 1193 2585 jam
1233 2533 1406 2582 grandes
1434 2548 1532 2575 natu

114 2604 190 2644 viri
220 2604 383 2644 scholas
414 2605 744 2660 frequentarint3
777 2616 817 2644 et
847 2602 968 2659 hujus
998 2604 1128 2660 ipsius
1160 2609 1377 2649 Ammonii
1411 2612 1534 2652 ‹lisci-

114 2681 238 2735 pulus
268 2681 476 2732 Plotinus,
507 2684 559 2723 ad
592 2699 687 2723 eum
719 2681 975 2722 audiendum
1009 2698 1137 2723 annos
1170 2683 1314 2736 viginti
1347 2700 1444 2729 otto
1462 2706 1531 2730 ua-

232 2840 272 2894 ¹)
305 2840 389 2881 Csr.
420 2841 566 2883 Horat.
598 2843 648 2884 de
679 2855 765 2884 arte
797 2842 954 2898 poetic.
989 2860 1091 2884 vers.
1125 2843 1188 2886 11.
