1759 3125
264 121 321 166 80
681 118 824 160 Perm
852 117 1068 158 DANmms
1099 116 1263 158 Ilum-11

377 232 477 275 XII.
535 232 674 287 Atque
704 231 864 271 utinam
906 231 969 271 vel
1012 231 1117 270 duae
1160 229 1259 269 illae
1298 237 1564 284 superessent
1596 225 1683 281 epi-

267 310 415 360 stolae,
447 324 546 365 quas
575 309 626 348 ad
657 307 905 363 Philippum
944 307 1268 362 imperatorem,
1308 304 1478 362 ejusque
1509 318 1684 343 uxorem

269 390 468 431 severam
511 388 743 438 Augustam
780 383 956 439 scripsit.
1029 383 1140 423 Hinc
1181 395 1295 423 certo
1339 381 1491 436 conjici
1529 391 1685 436 posset,

271 480 422 506 verene
455 462 624 506 Christo
657 461 944 510 adhaeserint,
977 460 1335 515 quemadmodum
1365 460 1415 499 ab
1447 457 1686 499 auctoribus

273 540 520 584 Christianis
560 539 780 596 proditum
815 550 893 578 est:
934 553 985 576 an
1025 552 1047 575 a
1088 535 1331 577 Christianis
1369 535 1558 591 partibus
1596 536 1687 574 sue-

269 620 353 663 rint
383 618 522 668 alieni,
553 617 667 674 quod
694 615 918 672 persuadet
934 613 1212 653 Ethnicorum
1245 625 1465 653 auctorum
1497 612 1547 652 de
1578 626 1688 651 nova

271 700 322 739 ab
352 697 402 738 iis
432 706 625 751 suscepta
656 693 860 745 religione
891 690 1127 742 silentium3
1160 702 1200 731 et
1222 691 1452 730 multorum
1473 700 1688 745 praeterea

272 787 362 816 tum
395 772 746 820 Christianorum,
784 781 874 809 tum
906 766 1185 808 Ethnicorum
1218 784 1456 817 consensus,
1487 783 1508 807 a
1539 765 1689 821 quibus

271 853 432 909 primus
478 850 587 890 inter
624 848 902 903 imperatores
942 845 1153 886 Christum
1199 846 1412 901 professos
1454 841 1692 886 Constanti-

272 946 349 970 nus
380 928 626 969 celebratur.
685 925 776 976 Ego
819 923 990 979 quidem
1029 939 1275 975 magnorum
1309 923 1495 963 virorum
1527 932 1691 962 senten-

272 1006 340 1047 tiis
370 1020 512 1045 meum
545 1018 714 1059 quoque
743 1000 971 1057 judicium,
1013 1002 1181 1056 quando
1212 1016 1279 1040 me
1309 1016 1373 1041 res
1403 1000 1446 1040 id
1479 1000 1693 1046 admonet,

273 1083 554 1138 interponam.
622 1080 668 1122 Si
717 1079 889 1135 publice
931 1077 1263 1120 Christianorum
1310 1078 1440 1119 fidem
1477 1078 1690 1134 professus

274 1161 422 1202 fuisset
449 1158 697 1214 Philippus,
739 1155 966 1196 verisimile
1004 1156 1151 1212 utique
1191 1172 1277 1196 non
1316 1167 1377 1196 est
1414 1154 1615 1196 tacituros
1647 1154 1691 1194 id

276 1239 403 1280 fuisse
443 1235 646 1278 Etlmicos
686 1233 936 1289 scriptores,
988 1235 1256 1289 futuramque
1296 1235 1359 1273 rei
1399 1232 1541 1289 hujus,
1585 1232 1693 1272 sicut

275 1316 370 1367 suit,
401 1315 621 1356 obscuram
652 1314 807 1352 famam
839 1323 879 1352 et
918 1311 1134 1353 incertam.
1202 1312 1290 1352 Nec
1321 1311 1456 1351 multo
1490 1308 1695 1349 verisimi-

276 1393 357 1434 lius
388 1404 461 1442 est‚
492 1391 527 1432 si
558 1389 815 1432 Christianus
845 1404 933 1429 non
969 1388 1138 1438 fuisset,
1176 1388 1219 1428 id
1256 1388 1528 1444 proditurum
1565 1387 1696 1427 Euse-

274 1470 408 1520 bium,
437 1467 702 1524 temporibus
733 1465 816 1506 illis
849 1465 1104 1521 proximum,
1136 1482 1231 1506 cum
1261 1477 1482 1521 utramque
1515 1481 1612 1504 eum
1642 1464 1694 1503 ad

275 1547 525 1603 Philippum
575 1556 616 1586 et
656 1545 857 1586 severam
905 1544 956 1582 ab
999 1542 1182 1595 Origene
1231 1542 1430 1598 scriptam
1472 1541 1695 1598 epistolam

276 1625 429 1675 vidisse
468 1633 654 1672 constet,
704 1637 828 1678 quam
867 1636 953 1661 non
991 1619 1134 1675 paucis
1174 1631 1274 1676 post
1309 1619 1541 1660 Eusebium
1580 1618 1696 1659 annis

277 1702 432 1744 vidisse
463 1715 632 1757 quoque
662 1698 933 1740 Vincentium
963 1696 1224 1737 Lirinensem
1255 1697 1435 1738 solerter
1465 1696 1697 1752 deprehen-

279 1781 343 1822 dit
372 1779 592 1821 Baronius.
618 1778 656 1833 ¹)
717 1777 789 1819 Sic
810 1777 852 1832 ²)
882 1775 1010 1828 igitur
1039 1774 1200 1824 sentio,
1233 1774 1384 1816 Christi
1410 1775 1534 1816 sacris
1565 1791 1586 1814 a
1616 1774 1697 1814 Fa-

277 1858 404 1899 biano
434 1872 544 1912 papa
572 1854 785 1895 initiatum
816 1853 942 1894 fuisse
961 1852 1221 1907 Philippum,
1253 1853 1324 1892 sed
1357 1853 1537 1901 occulte,
1567 1851 1696 1906 idque

279 1936 386 1975 clam
416 1933 618 1974 Ethnicos
649 1932 854 1982 habuisse,
886 1947 938 1971 ne
971 1931 1071 1985 quid
1102 1929 1200 1969 inde
1231 1945 1296 1969 res
1325 1944 1422 1968 suae
1455 1927 1696 1968 detrimenti

280 2022 499 2068 caperent,
542 2025 642 2065 quas
680 2008 879 2064 pristinae
920 2005 1136 2058 religionis
1168 2004 1349 2061 ejuratae
1381 2005 1490 2044 fama
1520 2003 1694 2044 forsitan

279 2090 579 2131 conturbasset.
634 2086 744 2126 Hinc
774 2085 824 2125 ab
854 2083 1045 2124 Ethnicis
1077 2081 1352 2137 scriptoribus
1382 2081 1555 2122 tacitum
1588 2081 1696 2121 illud

280 2179 353 2218 est,
384 2183 406 2207 a
438 2162 681 2207 Christianis
713 2162 981 2203 celebratum.
1033 2159 1166 2214 Quod
1197 2171 1337 2199 autem
1370 2175 1416 2199 ex
1447 2158 1694 2213 Eusebio-³)

280 2244 407 2304 objici
437 2253 600 2300 potest,
639 2239 810 2297 publice
852 2255 948 2279 eum
987 2238 1029 2279 in
1074 2236 1293 2278 ecclesiam
1324 2237 1374 2277 ab
1406 2236 1609 2292 episcopo
1645 2260 1695 2267 —-

399 2447 438 2504 ¹)
472 2446 556 2488 Cfr.
591 2444 746 2485 Baron.
779 2442 830 2483 ad
861 2457 952 2482 ann.
984 2440 1079 2484 2316.
1111 2457 1226 2482 num.
1256 2440 1295 2483 8.

395 2518 438 2573 ²)
470 2516 551 2558 Hic
581 2516 720 2570 aliqua
751 2530 797 2554 ex
828 2524 946 2568 parte
976 2511 1165 2567 sequitur
1189 2509 1369 2551 Huetius
1393 2511 1493 2550 Acta
1517 2509 1560 2550 S.
1583 2509 1695 2549 Pon-

279 2575 340 2625 tii,
373 2590 478 2630 quae
508 2572 754 2626 Philippum
785 2580 952 2610 narrant
981 2585 1003 2608 a
1034 2570 1074 2611 S.
1106 2568 1262 2608 Pontio
1295 2567 1346 2606 ad
1379 2565 1533 2606 Christi
1564 2566 1694 2606 fidem

278 2632 404 2673 fuisse
436 2645 708 2678 conversum,
749 2628 849 2667 dum
890 2625 979 2665 ludi
1017 2625 1248 2664 saeculares
1277 2622 1373 2663 anni
1402 2622 1516 2662 urbis
1549 2623 1694 2662 condi-

277 2700 343 2729 tae
379 2685 597 2727 millesimi
627 2697 866 2736 agerentur,
914 2693 957 2722 et
997 2698 1019 2721 a
1057 2681 1245 2721 Fabiano
1283 2695 1393 2735 papa
1423 2678 1694 2734 baptizatum.

278 2746 364 2787 Sed
401 2743 482 2801 jam
523 2742 595 2783 diu
633 2741 734 2781 haec
774 2743 878 2781 Acta
919 2739 969 2778 ab
1009 2738 1180 2779 eruditis
1220 2748 1266 2776 ut
1305 2734 1445 2791 spuria
1478 2747 1518 2775 et
1548 2735 1696 2776 fictitia

278 2803 570 2858 reprobantur.
601 2799 651 2839 R.

395 2872 437 2928 3)
472 2871 556 2912 Csr.
587 2869 741 2909 Euseb.
772 2865 879 2907 Hist.
914 2865 1061 2909 eccles.
1096 2864 1168 2905 lib.
1201 2864 1273 2904 Vl.
1307 2879 1395 2918 cap.
1427 2862 1492 2905 34.
