1759 3125
224 112 307 156 220
641 110 782 152 Pss‘rm
812 109 1028 151 Damssms
1059 109 1221 151 HUETu

228 240 276 266 ea
305 224 459 274 solum,
491 238 596 279 quae
619 238 640 263 e
671 222 781 262 libro
805 219 956 263 eodem
986 223 1089 278 περὶ
1108 220 1261 278 ἀρχῶν
1292 237 1380 277 cap.
1398 221 1437 264 6.
1468 236 1581 262 num.
1599 221 1637 264 4.

227 300 462 359 depromsit
497 299 755 342 Justinianus
802 301 853 340 ad
904 299 1062 340 calcem
1103 299 1306 354 epistolae
1353 299 1405 339 ad
1443 299 1638 340 Menam:

228 379 319 423 Διὰ
351 381 482 423 τοῦτο
523 379 600 420 καὶ
637 372 887 436 ἅνθρωπος
923 379 1086 433 γέγονε
1127 375 1342 434 Χριστὸς,
1385 376 1431 425 ἐξ
1463 375 1638 434 ἀνδρα-

227 455 496 513 γαθήματος
526 451 687 498 τούτου
717 451 877 510 τυχών,
912 452 970 501 ὠς
999 458 1222 509 μαρτυρεῖ
1248 451 1270 496 ὁ
1302 451 1537 511 προᾳήτης
1566 455 1640 496 λέ-

229 547 348 591 γων·
382 529 654 590 ,,ἧγάπησας
672 533 711 586 ²)
735 526 1044 583 δικαιοσύνην,
1081 531 1155 571 καὶ
1179 529 1392 584 ἐμίσησας
1415 529 1640 585 ἀνομίαν·

231 608 309 655 διὰ
338 611 469 653 τοῦτο
501 609 650 666 ἕχρισέ
678 623 726 653 σε
769 605 790 650 ὁ
828 604 936 653 Θεὸς
977 603 999 649 ὁ
1036 602 1145 654 Θεός
1183 621 1265 648 σου
1304 606 1456 649 ἔλαιον
1495 605 1641 663 ἀγαλ-

230 685 418 736 λιάσεως
446 685 570 743 παρὰ
600 683 703 734 τοὺς
731 681 951 740 μετόχους
979 683 1110 726 σου.“
1148 677 1351 740 ’Ἑπρεπε
1372 683 1420 726 δὲ
1441 680 1521 726 τὸν
1551 700 1643 739 μη..

232 766 394 811 §suove
432 765 766 822 κεχωρισμένον
811 762 889 803 τοῦ
930 762 1235 816 μονογενοῦς,
1283 764 1645 820 συγχρηματίσαι

231 845 294 901 τῷ
322 845 571 901 μονογενεῖ
597 842 672 882 καὶ
703 837 1070 891 συνδοξασθῆναι
1103 836 1237 893 αὐτῷ.

345 919 440 960 VII.
501 916 632 972 Quod
667 915 701 957 si
734 915 825 972 quis
855 913 969 956 falsis
999 914 1083 955 illis
1115 913 1310 967 Origenis
1348 913 1646 956 assertionibus

235 1006 530 1038 commovetur
558 992 872 1044 vehementius,
900 993 959 1034 sic
987 993 1222 1048 praefatum
1255 1009 1349 1033 eum
1381 993 1507 1034 fuisse
1543 992 1647 1034 sciat

235 1073 310 1121 lib,
340 1073 394 1113 Π.
427 1073 528 1126 περὶ
561 1070 714 1126 ἀρχῶν
744 1085 832 1125 cap.
863 1069 902 1112 6.
929 1086 1043 1111 num.
1075 1069 1139 1120 2.,
1177 1081 1400 1126 antequam
1432 1071 1484 1110 ad
1516 1069 1646 1125 expli-

234 1150 413 1192 candum
444 1146 743 1188 incarnationis
773 1146 1018 1204 mysterium
1049 1147 1289 1188 accederet:
1323 1147 1450 1198 Quae
1471 1144 1648 1202 quidem

236 1230 284 1270 in
315 1237 450 1269 aures
480 1224 705 1266 humanas
729 1222 971 1279 proferre,
1013 1229 1058 1264 et
1087 1221 1368 1265 sermonibus
1397 1223 1646 1280 explicare,

235 1304 370 1360 longe
399 1305 517 1345 vires
545 1301 619 1344 vel
650 1302 809 1342 meriti
841 1301 1013 1350 nostri,
1044 1299 1116 1341 vel
1139 1301 1319 1356 ingenii
1345 1313 1403 1342 ac
1430 1302 1648 1342 sermonis

236 1377 430 1424 excedit.
490 1378 712 1420 Arbitror
741 1382 911 1426 autem,
944 1377 1050 1431 quia
1079 1378 1220 1418 etiam
1240 1382 1506 1418 sanctorum
1530 1378 1647 1434 Apo-

234 1457 452 1500 stolorum
489 1451 873 1511 supergrediatur
910 1465 1193 1494 mensnram:
1236 1454 1341 1508 quin
1381 1455 1469 1494 imo
1507 1456 1649 1495 etiam

235 1534 455 1587 fortassis
483 1534 623 1573 totius
653 1536 898 1572 creaturae
915 1529 1173 1572 coelestium
1204 1532 1427 1572 virtutum
1449 1533 1648 1573 eminen-

239 1615 332 1654 tior
367 1616 434 1652 est
471 1608 771 1652 Sacramenta·
806 1608 934 1649 istius
974 1606 1259 1663 explanatio.
1339 1608 1411 1651 De
1449 1621 1530 1664 quo
1568 1621 1649 1651 nos

239 1699 328 1731 non
361 1689 627 1729 temeritate
657 1685 834 1740 aliqua,
886 1682 967 1726 sed
1007 1682 1220 1740 quomodo
1263 1683 1371 1727 ordo
1403 1685 1491 1727 loci
1517 1683 1648 1743 depo-

238 1766 339 1816 scit,
369 1777 425 1806 ea
453 1765 626 1818 magis,
665 1774 779 1817 quae
797 1759 924 1816 fides
953 1767 1114 1804 nostra
1147 1765 1373 1816 continet,
1404 1776 1539 1820 quam
1569 1764 1649 1806 liu-

239 1854 407 1884 manae
435 1841 632 1882 rationis
662 1828 854 1881 assertio
885 1837 1121 1881 vindicare
1149 1840 1275 1892 solet,
1307 1853 1442 1897 quam
1465 1844 1650 1898 paucis-

239 1920 364 1961 simis
377 1916 679 1974 proferemus,
709 1918 978 1971 suspiciones
992 1919 1146 1973 potius
1165 1924 1362 1970 nostras,
1392 1931 1527 1974 quam
1550 1932 1648 1962 ma-
1706 1929 1717 1941 ·

241 1994 440 2050 nifestas
470 1994 648 2048 aliquas
679 1993 1024 2047 affirmationes
1053 1996 1101 2034 in
1131 1993 1327 2036 medium
1340 1995 1647 2051 proferentes.

242 2072 363 2133 Quae
394 2087 417 2111 a
444 2070 598 2111 Rufino
642 2070 803 2110 adtexta
841 2070 1093 2126 suspicarer,
1141 2069 1175 2110 si
1211 2087 1299 2111 non
1337 2072 1389 2113 de
1418 2075 1542 2116 rebus
1575 2077 1649 2117 ob-

241 2148 371 2192 scuris
402 2147 683 2202 disputaturus
715 2147 918 2199 Origenes
947 2146 1004 2187 ita
1033 2147 1214 2202 praefari
1244 2149 1410 2192 soleret.

357 2224 473 2265 VIII.
530 2222 815 2263 Nihilominus
850 2234 989 2264 tamen
1031 2240 1084 2264 ne
1123 2223 1181 2265 sic
1213 2225 1384 2281 quidem
1415 2230 1647 2273 multorum

245 2298 602 2345 criminationibus
640 2298 721 2340 fuit
758 2299 964 2340 immunis.
1024 2301 1170 2358 Carpit
1208 2302 1346 2358 ipsum
1385 2305 1650 2363 Theophilus

243 2379 288 2422 in
319 2378 355 2422 1.
377 2376 527 2419 Pasch.
554 2375 689 2432 epist.‚
720 2377 835 2432 quod
853 2377 905 2417 ad
933 2376 1111 2418 animam
1135 2379 1287 2421 Christi
1315 2383 1509 2425 retulerit
1536 2384 1651 2426 istud

244 2454 368 2498 Pauli
396 2453 582 2509 Philipp.
609 2452 671 2502 11,
706 2451 745 2494 6.
779 2453 815 2495 7.
885 2458 986 2495 Non
1025 2458 1244 2512 rapinam
1283 2456 1545 2503 arbitratus
1581 2469 1649 2504 est

246 2544 339 2573 esse
368 2543 413 2572 se
453 2528 688 2585 aequalem
716 2528 840 2580 Deo,
885 2528 968 2572 sed
1009 2539 1149 2574 semet
1191 2535 1336 2591 ipsum
1370 2539 1646 2589 exinanivit,

235 2609 449 2665 formo-m
476 2607 599 2648 servi
632 2608 868 2662 accipiens
928 2607 1052 2650 Unde
1092 2611 1327 2663 concludit,
1369 2613 1525 2656 Christi
1559 2611 1649 2657 *ani-

370 2823 410 2878 ¹)
442 2822 528 2864 Cfr.
557 2822 709 2865 Psalm‚
739 2825 865 2875 XLV,
902 2827 936 2868 7.

1738 2687 1750 3125 Ἠ
