1759 3125
502 105 888 145 OfflGEmANORUM
918 102 1059 142 mez
1087 103 1139 142 ll.
1428 105 1512 149 299

102 223 383 273 pensantur,
425 223 479 256 ut
520 215 605 256 ulii
642 217 689 255 iu
717 215 903 269 primis,
944 214 1032 255 alii
1057 215 1104 254 iu
1134 212 1362 265 secundis,
1393 230 1512 258 uou—

105 295 223 335 uulli
247 296 389 334 etium
427 293 475 332 iu
513 292 687 333 ultimis
725 292 1023 347 temporibus,
1063 299 1107 332 et
1133 305 1220 347 per
1248 294 1429 347 majora
1459 306 1516 334 ac

101 372 327 426 graviora
357 367 602 424 supplicia,
649 380 730 408 uec
759 380 849 407 nou
887 375 933 408 et
962 366 1210 418 diuturna,
1251 383 1307 410 ac
1344 370 1514 422 multis,

102 455 155 488 ut
184 449 253 487 ita
284 444 449 497 dicam,
480 444 672 486 saeculis
705 444 929 494 tolerata,
960 447 1269 499 asperioribus
1299 444 1511 487 ementia-

102 521 298 563 tiouibus
328 523 554 578 reparati,
585 529 630 564 et
660 523 870 562 restituti
887 520 1223 562 eruditionibus
1238 524 1387 577 primo
1420 537 1511 563 au-

97 599 270 654 gelicis‚
303 607 400 641 tum
431 597 592 640 deiude
617 599 759 639 etiam
785 600 1072 653 superiorum
1093 599 1128 653 ¹)
1155 597 1393 653 graduum
1424 602 1515 640 vir-

101 674 288 726 tutibus,
319 683 364 717 et
393 679 457 718 sic
483 689 568 732 per
597 675 785 731 singula
825 673 892 716 ad
917 678 1156 730 superiora
1183 680 1409 731 prouecti,
1441 691 1513 719 us-

100 765 182 807 que
223 751 288 794 ad
321 766 396 802 ea,
436 766 549 808 quae
586 759 695 793 sunt
731 737 977 793 iuvisz‘bilia
1022 759 1068 794 et
1105 760 1322 805 aeterua,
1356 767 1514 809 perve-

99 832 248 881 niant,
279 833 378 886 sing
389 830 472 871 ulis
501 828 707 871 videlicet
737 831 978 884 quibusque
1005 830 1263 871 coelestium
1291 833 1516 872 virtulum

99 906 265 961 officiis
295 906 493 962 quadam
511 907 553 960 2)
584 903 893 946 eruditionum
922 909 1067 962 specie
1093 911 1382 962 peragratis.
1432 909 1511 951 Ec

99 996 194 1038 quo,
227 992 277 1025 ut
306 986 486 1039 opinor,
526 982 607 1024 lzoc
645 985 968 1037 consequentia
1005 986 1105 1039 ipsa
1143 982 1326 1026 videtur
1365 993 1512 1027 osteu-

100 1058 221 1110 dere,
264 1072 628 1116 unamquamque
667 1060 994 1101 rationabilem
1036 1068 1261 1101 naturam
1293 1075 1423 1117 posse
1453 1063 1512 1105 ab

99 1151 188 1178 uuo
218 1140 266 1178 iu
298 1139 497 1180 alterum
529 1135 788 1193 ordz‘nemss)
829 1144 1149 1178 transeuntem
1183 1151 1269 1193 per
1307 1141 1514 1193 singulos

98 1217 146 1255 iu
176 1227 352 1269 omues,
391 1222 436 1256 et
467 1216 524 1255 ab
557 1212 760 1254 omnibus
789 1215 837 1254 iu
868 1215 1072 1270 singulos
1095 1218 1359 1270 pervenire,
1404 1215 1513 1259 dum

101 1305 304 1333 accessus
329 1292 644 1348 profectuum,
683 1289 996 1343 defectuumz·e
1024 1295 1179 1334 varios
1204 1306 1290 1347 pro
1320 1297 1516 1337 motibus

101 1369 174 1410 vel
202 1372 440 1411 conatibus
472 1371 673 1424 propriis
711 1370 1009 1423 uuusquisque
1042 1382 1128 1424 pro
1161 1367 1297 1410 liberi
1323 1369 1518 1413 arbitrii

90 1445 336 1500 facultate
359 1448 634 1502 perpetitur.
692 1446 907 1486 Nonnulla
939 1463 987 1486 ex
1015 1445 1077 1486 his
1110 1446 1272 1487 Graece
1304 1449 1513 1505 descripta

100 1523 286 1578 reperies
316 1523 359 1563 in
389 1524 471 1563 fine
504 1523 706 1578 epistolae
735 1522 959 1563 ,Iustiniani
1000 1524 1053 1564 ad
1083 1524 1276 1574 Menam,
1321 1537 1362 1566 et
1399 1529 1513 1582 apud

99 1600 331 1641 Maximum
357 1600 873 1656 Constantinopolitanum
904 1599 1003 1640 loco
1033 1600 1225 1656 proxime
1248 1602 1388 1644 citato.
1427 1605 1511 1646 Has

101 1694 270 1733 quoque
303 1680 610 1726 conversiones,
643 1689 683 1718 et
715 1676 961 1729 dignitatum
992 1694 1038 1717 ac
1069 1678 1268 1719 ordinum
1298 1694 1512 1734 permuta-

102 1754 238 1795 tiones
268 1755 410 1796 statuit
439 1756 565 1796 Tom.
597 1756 691 1796 XV.
723 1755 765 1794 in
796 1755 945 1795 Matth.
978 1771 1094 1795 num.
1124 1755 1205 1805 27„
1237 1756 1377 1796 Tomo
1411 1775 1510 1798 vero

100 1832 220 1874 XIII.
251 1849 293 1887 p.
325 1832 419 1875 594.
451 1833 519 1887 (ex
550 1833 616 1872 ed.
645 1833 717 1887 R.)
748 1829 944 1870 intricate
976 1830 1087 1879 licet,
1119 1843 1160 1871 et
1181 1848 1203 1872 a
1225 1833 1403 1875 librariis
1425 1838 1512 1877 for-

102 1919 206 1948 tasse
239 1921 441 1964 corrupto
474 1925 668 1949 sermone
700 1906 951 1949 adversarias
982 1919 1210 1961 potestates
1240 1924 1418 1967 propter
1448 1916 1513 1954 os-

101 1985 310 2025 sensiones
342 1987 581 2026 hominibus
611 1987 819 2041 praebitas
851 2001 1030 2039 corpora
1059 1984 1238 2027 humana
1267 1989 1427 2040 subire,
1470 1992 1511 2032 iu

35 2106 42 2113 ι
103 2079 239 2118 eoque
268 2079 426 2117 poenas
459 2064 575 2103 luere
605 2063 745 2104 tradit.
797 2063 915 2102 Idem
949 2061 1091 2117 capS.
1123 2063 1221 2103 libri
1250 2066 1378 2120 primi
1408 2073 1514 2124 περὶ

102 2139 254 2196 ἀρχῶν
282 2157 396 2181 num.
430 2140 466 2183 1.
499 2152 541 2181 et
570 2140 608 2182 4.
639 2139 756 2196 paria
784 2134 1041 2194 repetendo;
1080 2139 1285 2183 inculcat:
1325 2146 1514 2200 augelo-

101 2229 204 2257 rum
246 2216 450 2271 officium
486 2220 671 2259 nonnisi
707 2229 768 2258 esc
806 2217 970 2256 merito
1013 2224 1247 2269 constare;
1285 2221 1512 2264 daemones

103 2310 215 2344 vero,
240 2307 327 2350 pro
358 2296 552 2336 motibus
580 2297 672 2335 suis
712 2302 758 2335 et
791 2291 1103 2348 profectibus,
1147 2292 1304 2350 quibus
1332 2298 1381 2339 in
1409 2312 1511 2341 sce-

101 2371 194 2412 lere
218 2370 544 2428 profecerunt,
588 2369 667 2412 lzos
713 2370 923 2411 malitiae
960 2374 1148 2412 sortitos
1186 2385 1279 2414 esse
1319 2375 1511 2430 gradus,

102 2525 320 2567 lectationi
354 2538 587 2581 peccatum,
618 2538 660 2566 ct
689 2533 741 2566 ut
771 2527 982 2567 revocari
1009 2525 1154 2567 uolint
1194 2530 1346 2584 magis
1377 2543 1511 2586 quam

220 2700 260 2753 ¹)
291 2701 422 2740 Deest
455 2700 774 2756 „superiorum“
806 2699 846 2739 in
879 2699 973 2740 edd.
1006 2701 1057 2741 H.

218 2768 258 2823 ²)
290 2769 398 2811 Edd.
430 2770 598 2812 Huctii:
629 2769 827 2826 quadam
859 2769 1115 2813 ermittione
1146 2774 1194 2812 iu
1223 2776 1378 2828 specie.

219 2838 260 2892 ³)
292 2838 398 2878 Edd.
430 2839 593 2880 Huctii:
627 2839 831 2882 ordinem
863 2845 1078 2891 transire,
1110 2849 1153 2883 et
1179 2855 1266 2896 per
1296 2855 1373 2884 etc.
