<?xml version="1.0" encoding="UTF-8"?>
<!DOCTYPE html PUBLIC "-//W3C//DTD XHTML 1.0 Transitional//EN"
    "http://www.w3.org/TR/xhtml1/DTD/xhtml1-transitional.dtd">
<html xmlns="http://www.w3.org/1999/xhtml" xml:lang="en" lang="en">
 <head>
  <title>
</title>
<meta http-equiv="Content-Type" content="text/html;charset=utf-8" />
  <meta name='ocr-system' content='tesseract 3.04.00' />
  <meta name='ocr-capabilities' content='ocr_page ocr_carea ocr_par ocr_line ocrx_word'/>
</head>
<body>
  <div class='ocr_page' id='page_1' title='image "./operaomniaquaegr22orig/operaomniaquaegr22orig_0131.png"; bbox 0 0 1759 3125; ppageno 0'>
   <div class='ocr_carea' id='block_1_1' title="bbox 463 98 1489 145">
    <p class='ocr_par' dir='ltr' id='par_1_1' title="bbox 463 98 1489 145">
     <span class='ocr_line' id='line_1_1' title="bbox 463 98 1489 145; baseline 0.004 -4"><span class='ocrx_word' id='word_1_1' title='bbox 463 100 853 142; x_wconf 62' lang='lat' dir='ltr'><strong>Omenumuonum</strong></span> <span class='ocrx_word' id='word_1_2' title='bbox 893 98 1032 139; x_wconf 77' lang='lat' dir='ltr'>LIBER</span> <span class='ocrx_word' id='word_1_3' title='bbox 1061 99 1116 143; x_wconf 88' lang='grc' dir='ltr'><strong>Π.</strong></span> <span class='ocrx_word' id='word_1_4' title='bbox 1408 100 1489 145; x_wconf 83' lang='lat'><strong>119</strong></span> 
     </span>
    </p>
   </div>
   <div class='ocr_carea' id='block_1_2' title="bbox 52 208 1484 2497">
    <p class='ocr_par' dir='ltr' id='par_1_2' title="bbox 59 208 1484 1418">
     <span class='ocr_line' id='line_1_2' title="bbox 76 208 1484 267; baseline 0.001 -16"><span class='ocrx_word' id='word_1_5' title='bbox 76 211 269 252; x_wconf 80' lang='lat' dir='ltr'><strong>duntaxat</strong></span> <span class='ocrx_word' id='word_1_6' title='bbox 299 226 525 265; x_wconf 88' lang='lat' dir='ltr'><strong>corporum</strong></span> <span class='ocrx_word' id='word_1_7' title='bbox 553 210 729 252; x_wconf 85' lang='lat' dir='ltr'><strong>ratione.</strong></span> <span class='ocrx_word' id='word_1_8' title='bbox 785 209 917 264; x_wconf 82' lang='lat' dir='ltr'><strong>Quod</strong></span> <span class='ocrx_word' id='word_1_9' title='bbox 946 220 1087 250; x_wconf 84' lang='lat' dir='ltr'><strong>autem</strong></span> <span class='ocrx_word' id='word_1_10' title='bbox 1118 208 1325 267; x_wconf 76' lang='lat' dir='ltr'><strong>objiciunt</strong></span> <span class='ocrx_word' id='word_1_11' title='bbox 1342 210 1484 252; x_wconf 85' lang='lat' dir='ltr'><strong>Theo-</strong></span> 
     </span>
     <span class='ocr_line' id='line_1_3' title="bbox 72 284 1482 344; baseline 0 -17"><span class='ocrx_word' id='word_1_12' title='bbox 72 287 210 342; x_wconf 84' lang='lat' dir='ltr'><strong>philus</strong></span> <span class='ocrx_word' id='word_1_13' title='bbox 241 299 281 327; x_wconf 93' lang='lat' dir='ltr'><strong>et</strong></span> <span class='ocrx_word' id='word_1_14' title='bbox 310 287 618 344; x_wconf 75' lang='lat' dir='ltr'>Hieronymus,</span> <span class='ocrx_word' id='word_1_15' title='bbox 662 287 805 327; x_wconf 86' lang='lat' dir='ltr'><strong>Deum</strong></span> <span class='ocrx_word' id='word_1_16' title='bbox 841 285 965 327; x_wconf 81' lang='lat' dir='ltr'><strong>unius</strong></span> <span class='ocrx_word' id='word_1_17' title='bbox 1005 298 1047 327; x_wconf 87' lang='lat' dir='ltr'><strong>et</strong></span> <span class='ocrx_word' id='word_1_18' title='bbox 1077 284 1264 343; x_wconf 73' lang='lat' dir='ltr'><strong>ejusdem</strong></span> <span class='ocrx_word' id='word_1_19' title='bbox 1293 288 1482 328; x_wconf 80' lang='lat' dir='ltr'><strong>substan-</strong></span> 
     </span>
     <span class='ocr_line' id='line_1_4' title="bbox 70 363 1480 419; baseline 0 -15"><span class='ocrx_word' id='word_1_20' title='bbox 70 364 151 404; x_wconf 84' lang='lat' dir='ltr'><strong>tiae</strong></span> <span class='ocrx_word' id='word_1_21' title='bbox 181 380 228 404; x_wconf 87' lang='lat' dir='ltr'><strong>ac</strong></span> <span class='ocrx_word' id='word_1_22' title='bbox 257 380 321 404; x_wconf 83' lang='lat' dir='ltr'><strong>res</strong></span> <span class='ocrx_word' id='word_1_23' title='bbox 349 364 512 405; x_wconf 83' lang='lat' dir='ltr'><strong>ratione</strong></span> <span class='ocrx_word' id='word_1_24' title='bbox 551 364 761 419; x_wconf 83' lang='lat' dir='ltr'><strong>praeditas</strong></span> <span class='ocrx_word' id='word_1_25' title='bbox 801 363 1099 404; x_wconf 77' lang='lat' dir='ltr'><strong>Adamantium</strong></span> <span class='ocrx_word' id='word_1_26' title='bbox 1138 363 1349 419; x_wconf 81' lang='lat' dir='ltr'><strong>posuisse,</strong></span> <span class='ocrx_word' id='word_1_27' title='bbox 1388 363 1480 418; x_wconf 82' lang='lat' dir='ltr'><strong>pari</strong></span> 
     </span>
     <span class='ocr_line' id='line_1_5' title="bbox 68 440 1480 494; baseline 0 -13"><span class='ocrx_word' id='word_1_28' title='bbox 68 441 341 494; x_wconf 78' lang='lat' dir='ltr'><strong>responsione</strong></span> <span class='ocrx_word' id='word_1_29' title='bbox 372 441 637 493; x_wconf 75' lang='lat' dir='ltr'><strong>dissolvitur3</strong></span> <span class='ocrx_word' id='word_1_30' title='bbox 675 440 719 481; x_wconf 81' lang='lat' dir='ltr'><strong>in</strong></span> <span class='ocrx_word' id='word_1_31' title='bbox 760 457 809 482; x_wconf 87' lang='lat' dir='ltr'><strong>eo</strong></span> <span class='ocrx_word' id='word_1_32' title='bbox 840 440 933 481; x_wconf 87' lang='lat' dir='ltr'><strong>illas</strong></span> <span class='ocrx_word' id='word_1_33' title='bbox 964 440 1189 481; x_wconf 88' lang='lat' dir='ltr'><strong>convenire</strong></span> <span class='ocrx_word' id='word_1_34' title='bbox 1218 440 1480 490; x_wconf 80' lang='lat' dir='ltr'><strong>substantias,</strong></span> 
     </span>
     <span class='ocr_line' id='line_1_6' title="bbox 69 516 1478 574; baseline 0.001 -18"><span class='ocrx_word' id='word_1_35' title='bbox 69 518 184 571; x_wconf 83' lang='lat' dir='ltr'><strong>quod</strong></span> <span class='ocrx_word' id='word_1_36' title='bbox 216 517 298 558; x_wconf 88' lang='lat' dir='ltr'><strong>sint</strong></span> <span class='ocrx_word' id='word_1_37' title='bbox 327 522 485 572; x_wconf 67' lang='grc' dir='ltr'><em>γοεραί</em></span> <span class='ocrx_word' id='word_1_38' title='bbox 513 529 553 558; x_wconf 86' lang='lat' dir='ltr'><strong>et</strong></span> <span class='ocrx_word' id='word_1_39' title='bbox 583 520 782 574; x_wconf 64' lang='grc' dir='ltr'><strong>λογικαί,</strong></span> <span class='ocrx_word' id='word_1_40' title='bbox 824 535 916 559; x_wconf 89' lang='lat' dir='ltr'><strong>cum</strong></span> <span class='ocrx_word' id='word_1_41' title='bbox 947 517 1198 558; x_wconf 88' lang='lat' dir='ltr'><strong>immensum</strong></span> <span class='ocrx_word' id='word_1_42' title='bbox 1232 516 1478 573; x_wconf 84' lang='lat' dir='ltr'><strong>ceteroquin</strong></span> 
     </span>
     <span class='ocr_line' id='line_1_7' title="bbox 68 593 1478 650; baseline 0.001 -17"><span class='ocrx_word' id='word_1_43' title='bbox 68 593 277 636; x_wconf 83' lang='lat' dir='ltr'><strong>differant.</strong></span> <span class='ocrx_word' id='word_1_44' title='bbox 337 596 498 636; x_wconf 81' lang='lat' dir='ltr'><strong>Firmat</strong></span> <span class='ocrx_word' id='word_1_45' title='bbox 528 596 632 636; x_wconf 88' lang='lat' dir='ltr'><strong>hanc</strong></span> <span class='ocrx_word' id='word_1_46' title='bbox 661 595 979 650; x_wconf 84' lang='lat' dir='ltr'><strong>responsionem</strong></span> <span class='ocrx_word' id='word_1_47' title='bbox 1011 596 1130 635; x_wconf 88' lang='lat' dir='ltr'><strong>locus</strong></span> <span class='ocrx_word' id='word_1_48' title='bbox 1157 595 1247 650; x_wconf 82' lang='lat' dir='ltr'><strong>ipse</strong></span> <span class='ocrx_word' id='word_1_49' title='bbox 1271 594 1478 647; x_wconf 79' lang='lat' dir='ltr'><strong>Origenis,</strong></span> 
     </span>
     <span class='ocr_line' id='line_1_8' title="bbox 68 671 1476 729; baseline 0.001 -19"><span class='ocrx_word' id='word_1_50' title='bbox 68 686 191 725; x_wconf 90' lang='lat' dir='ltr'><strong>quem</strong></span> <span class='ocrx_word' id='word_1_51' title='bbox 210 673 334 711; x_wconf 77' lang='lat' dir='ltr'><strong>affert</strong></span> <span class='ocrx_word' id='word_1_52' title='bbox 349 672 634 729; x_wconf 70' lang='lat' dir='ltr'><strong>Hieronymus</strong></span> <span class='ocrx_word' id='word_1_53' title='bbox 662 689 708 712; x_wconf 86' lang='lat' dir='ltr'><strong>cx</strong></span> <span class='ocrx_word' id='word_1_54' title='bbox 739 672 833 713; x_wconf 84' lang='lat' dir='ltr'><strong>libr.</strong></span> <span class='ocrx_word' id='word_1_55' title='bbox 857 673 924 715; x_wconf 92' lang='lat' dir='ltr'><strong>lV.</strong></span> <span class='ocrx_word' id='word_1_56' title='bbox 957 676 1060 729; x_wconf 67' lang='grc' dir='ltr'><strong>περὶ</strong></span> <span class='ocrx_word' id='word_1_57' title='bbox 1091 672 1244 728; x_wconf 73' lang='grc' dir='ltr'><em>ἀρχῶν</em></span> <span class='ocrx_word' id='word_1_58' title='bbox 1271 688 1386 714; x_wconf 90' lang='lat' dir='ltr'><strong>num.</strong></span> <span class='ocrx_word' id='word_1_59' title='bbox 1408 671 1476 715; x_wconf 82' lang='grc'><strong>36.</strong></span> 
     </span>
     <span class='ocr_line' id='line_1_9' title="bbox 64 745 1476 804; baseline -0.001 -16"><span class='ocrx_word' id='word_1_60' title='bbox 64 745 446 798; x_wconf 76' lang='lat' dir='ltr'><strong>Intellectualem‚</strong></span> <span class='ocrx_word' id='word_1_61' title='bbox 486 748 641 804; x_wconf 80' lang='lat' dir='ltr'><strong>inquit,</strong></span> <span class='ocrx_word' id='word_1_62' title='bbox 684 746 1092 804; x_wconf 74' lang='lat' dir='ltr'><strong>rationabilemque</strong></span> <span class='ocrx_word' id='word_1_63' title='bbox 1124 756 1349 790; x_wconf 79' lang='lat' dir='ltr'><strong>naturam</strong></span> <span class='ocrx_word' id='word_1_64' title='bbox 1377 761 1476 790; x_wconf 77' lang='lat' dir='ltr'><strong>sen-</strong></span> 
     </span>
     <span class='ocr_line' id='line_1_10' title="bbox 66 824 1473 881; baseline 0.001 -16"><span class='ocrx_word' id='word_1_65' title='bbox 66 826 125 865; x_wconf 79' lang='lat' dir='ltr'><strong>tit</strong></span> <span class='ocrx_word' id='word_1_66' title='bbox 153 825 302 879; x_wconf 78' lang='lat' dir='ltr'><strong>Deus,</strong></span> <span class='ocrx_word' id='word_1_67' title='bbox 343 833 388 866; x_wconf 84' lang='lat' dir='ltr'><strong>et</strong></span> <span class='ocrx_word' id='word_1_68' title='bbox 425 827 692 881; x_wconf 66' lang='lat' dir='ltr'><strong>unigenitus</strong></span> <span class='ocrx_word' id='word_1_69' title='bbox 735 825 1034 881; x_wconf 79' lang='lat' dir='ltr'><strong>Filius.ej1ts‚</strong></span> <span class='ocrx_word' id='word_1_70' title='bbox 1066 833 1111 866; x_wconf 85' lang='lat' dir='ltr'><strong>et</strong></span> <span class='ocrx_word' id='word_1_71' title='bbox 1140 824 1340 881; x_wconf 80' lang='lat' dir='ltr'><strong>Spiritus</strong></span> <span class='ocrx_word' id='word_1_72' title='bbox 1366 838 1473 867; x_wconf 80' lang='lat' dir='ltr'><strong>san-</strong></span> 
     </span>
     <span class='ocr_line' id='line_1_11' title="bbox 64 903 1474 957; baseline 0.002 -16"><span class='ocrx_word' id='word_1_73' title='bbox 64 908 188 951; x_wconf 80' lang='lat' dir='ltr'><strong>ctus;</strong></span> <span class='ocrx_word' id='word_1_74' title='bbox 215 905 421 943; x_wconf 72' lang='lat' dir='ltr'><strong>semlant</strong></span> <span class='ocrx_word' id='word_1_75' title='bbox 453 903 628 957; x_wconf 76' lang='lat' dir='ltr'><strong>angeli,</strong></span> <span class='ocrx_word' id='word_1_76' title='bbox 661 908 707 942; x_wconf 85' lang='lat' dir='ltr'><strong>et</strong></span> <span class='ocrx_word' id='word_1_77' title='bbox 731 909 1006 956; x_wconf 76' lang='lat' dir='ltr'><strong>potestates,</strong></span> <span class='ocrx_word' id='word_1_78' title='bbox 1036 909 1302 957; x_wconf 82' lang='lat' dir='ltr'><strong>ceteraeque</strong></span> <span class='ocrx_word' id='word_1_79' title='bbox 1329 904 1474 944; x_wconf 76' lang='lat' dir='ltr'><strong>vireu-</strong></span> 
     </span>
     <span class='ocr_line' id='line_1_12' title="bbox 65 976 1474 1033; baseline 0.001 -16"><span class='ocrx_word' id='word_1_80' title='bbox 65 984 153 1029; x_wconf 82' lang='lat' dir='ltr'><strong>tes;</strong></span> <span class='ocrx_word' id='word_1_81' title='bbox 182 980 323 1019; x_wconf 71' lang='lat' dir='ltr'><strong>sentit</strong></span> <span class='ocrx_word' id='word_1_82' title='bbox 351 981 546 1020; x_wconf 81' lang='lat' dir='ltr'><strong>interior</strong></span> <span class='ocrx_word' id='word_1_83' title='bbox 577 976 726 1028; x_wconf 76' lang='lat' dir='ltr'><strong>homo,</strong></span> <span class='ocrx_word' id='word_1_84' title='bbox 766 980 843 1033; x_wconf 78' lang='lat' dir='ltr'><strong>qui</strong></span> <span class='ocrx_word' id='word_1_85' title='bbox 872 976 936 1019; x_wconf 76' lang='lat' dir='ltr'><strong>ad</strong></span> <span class='ocrx_word' id='word_1_86' title='bbox 961 980 1214 1033; x_wconf 73' lang='lat' dir='ltr'><strong>imaginem</strong></span> <span class='ocrx_word' id='word_1_87' title='bbox 1245 987 1290 1020; x_wconf 89' lang='lat' dir='ltr'><strong>et</strong></span> <span class='ocrx_word' id='word_1_88' title='bbox 1319 979 1474 1021; x_wconf 76' lang='lat' dir='ltr'><strong>simili-</strong></span> 
     </span>
     <span class='ocr_line' id='line_1_13' title="bbox 64 1052 1474 1110; baseline -0.001 -14"><span class='ocrx_word' id='word_1_89' title='bbox 64 1052 266 1096; x_wconf 80' lang='lat' dir='ltr'><strong>tudinem</strong></span> <span class='ocrx_word' id='word_1_90' title='bbox 296 1055 392 1097; x_wconf 87' lang='lat' dir='ltr'><strong>Dei</strong></span> <span class='ocrx_word' id='word_1_91' title='bbox 418 1054 626 1096; x_wconf 77' lang='lat' dir='ltr'><strong>conditus</strong></span> <span class='ocrx_word' id='word_1_92' title='bbox 655 1062 734 1097; x_wconf 80' lang='lat' dir='ltr'><strong>est.</strong></span> <span class='ocrx_word' id='word_1_93' title='bbox 778 1055 857 1097; x_wconf 71' lang='lat' dir='ltr'><strong>Ex</strong></span> <span class='ocrx_word' id='word_1_94' title='bbox 877 1068 960 1110; x_wconf 82' lang='lat' dir='ltr'><strong>quo</strong></span> <span class='ocrx_word' id='word_1_95' title='bbox 990 1053 1291 1106; x_wconf 67' lang='lat' dir='ltr'><strong>concluditur,</strong></span> <span class='ocrx_word' id='word_1_96' title='bbox 1322 1055 1474 1097; x_wconf 79' lang='lat' dir='ltr'><strong>Deum</strong></span> 
     </span>
     <span class='ocr_line' id='line_1_14' title="bbox 62 1129 1473 1188; baseline 0 -16"><span class='ocrx_word' id='word_1_97' title='bbox 62 1139 108 1173; x_wconf 80' lang='lat' dir='ltr'><strong>et</strong></span> <span class='ocrx_word' id='word_1_98' title='bbox 149 1129 262 1174; x_wconf 75' lang='lat' dir='ltr'><strong>haee</strong></span> <span class='ocrx_word' id='word_1_99' title='bbox 306 1130 629 1188; x_wconf 75' lang='lat' dir='ltr'><em>quodammodo</em></span> <span class='ocrx_word' id='word_1_100' title='bbox 677 1134 812 1174; x_wconf 77' lang='lat' dir='ltr'><strong>unius</strong></span> <span class='ocrx_word' id='word_1_101' title='bbox 856 1145 948 1174; x_wconf 69' lang='lat' dir='ltr'><strong>esse</strong></span> <span class='ocrx_word' id='word_1_102' title='bbox 985 1129 1286 1174; x_wconf 75' lang='lat' dir='ltr'><strong>substantiae.</strong></span> <span class='ocrx_word' id='word_1_103' title='bbox 1355 1132 1473 1184; x_wconf 74' lang='lat' dir='ltr'><strong>Quo-</strong></span> 
     </span>
     <span class='ocr_line' id='line_1_15' title="bbox 61 1206 1471 1265; baseline -0.001 -15"><span class='ocrx_word' id='word_1_104' title='bbox 61 1206 313 1259; x_wconf 81' lang='lat' dir='ltr'><strong>dammodo,</strong></span> <span class='ocrx_word' id='word_1_105' title='bbox 344 1209 387 1249; x_wconf 89' lang='lat' dir='ltr'><strong>id</strong></span> <span class='ocrx_word' id='word_1_106' title='bbox 419 1221 492 1259; x_wconf 86' lang='lat' dir='ltr'><strong>est,</strong></span> <span class='ocrx_word' id='word_1_107' title='bbox 523 1209 664 1265; x_wconf 83' lang='lat' dir='ltr'><strong>aliqua</strong></span> <span class='ocrx_word' id='word_1_108' title='bbox 696 1226 742 1250; x_wconf 84' lang='lat' dir='ltr'><strong>ex</strong></span> <span class='ocrx_word' id='word_1_109' title='bbox 772 1220 914 1265; x_wconf 82' lang='lat' dir='ltr'><strong>parte3</strong></span> <span class='ocrx_word' id='word_1_110' title='bbox 953 1209 1069 1264; x_wconf 90' lang='lat' dir='ltr'><strong>quod</strong></span> <span class='ocrx_word' id='word_1_111' title='bbox 1100 1209 1151 1249; x_wconf 89' lang='lat' dir='ltr'><strong>ad</strong></span> <span class='ocrx_word' id='word_1_112' title='bbox 1183 1209 1471 1261; x_wconf 83' lang='lat' dir='ltr'><strong>effugiendum</strong></span> 
     </span>
     <span class='ocr_line' id='line_1_16' title="bbox 60 1285 1471 1344; baseline -0.001 -17"><span class='ocrx_word' id='word_1_113' title='bbox 60 1286 264 1339; x_wconf 84' lang='lat' dir='ltr'><strong>sacrilegii</strong></span> <span class='ocrx_word' id='word_1_114' title='bbox 295 1286 452 1326; x_wconf 85' lang='lat' dir='ltr'><strong>crimen</strong></span> <span class='ocrx_word' id='word_1_115' title='bbox 482 1286 673 1327; x_wconf 82' lang='lat' dir='ltr'><strong>additum</strong></span> <span class='ocrx_word' id='word_1_116' title='bbox 712 1287 768 1328; x_wconf 84' lang='lat' dir='ltr'><strong>ait</strong></span> <span class='ocrx_word' id='word_1_117' title='bbox 795 1286 1099 1344; x_wconf 42' lang='lat' dir='ltr'><strong>Hieronymum</strong></span> <span class='ocrx_word' id='word_1_118' title='bbox 1138 1302 1216 1328; x_wconf 93' lang='lat' dir='ltr'><strong>nos</strong></span> <span class='ocrx_word' id='word_1_119' title='bbox 1253 1285 1471 1338; x_wconf 77' lang='lat' dir='ltr'><strong>benignius</strong></span> 
     </span>
     <span class='ocr_line' id='line_1_17' title="bbox 59 1363 586 1418; baseline 0 -14"><span class='ocrx_word' id='word_1_120' title='bbox 59 1363 325 1418; x_wconf 81' lang='lat' dir='ltr'><strong>interpretari</strong></span> <span class='ocrx_word' id='word_1_121' title='bbox 352 1379 586 1418; x_wconf 89' lang='lat' dir='ltr'><strong>possumus.</strong></span> 
     </span>
    </p>

    <p class='ocr_par' dir='ltr' id='par_1_3' title="bbox 52 1439 1484 2497">
     <span class='ocr_line' id='line_1_18' title="bbox 171 1439 1470 1494; baseline 0 -14"><span class='ocrx_word' id='word_1_122' title='bbox 171 1441 286 1481; x_wconf 82' lang='lat' dir='ltr'><strong>Vlll.</strong></span> <span class='ocrx_word' id='word_1_123' title='bbox 346 1440 466 1494; x_wconf 82' lang='lat' dir='ltr'><strong>Quae</strong></span> <span class='ocrx_word' id='word_1_124' title='bbox 499 1457 593 1480; x_wconf 91' lang='lat' dir='ltr'><strong>cum</strong></span> <span class='ocrx_word' id='word_1_125' title='bbox 623 1440 680 1480; x_wconf 84' lang='lat' dir='ltr'><strong>ita</strong></span> <span class='ocrx_word' id='word_1_126' title='bbox 711 1439 806 1490; x_wconf 87' lang='lat' dir='ltr'><strong>sint,</strong></span> <span class='ocrx_word' id='word_1_127' title='bbox 836 1441 939 1480; x_wconf 87' lang='lat' dir='ltr'><strong>haec</strong></span> <span class='ocrx_word' id='word_1_128' title='bbox 968 1451 1108 1480; x_wconf 87' lang='lat' dir='ltr'><strong>tamen</strong></span> <span class='ocrx_word' id='word_1_129' title='bbox 1146 1440 1292 1480; x_wconf 84' lang='lat' dir='ltr'><strong>scribit</strong></span> <span class='ocrx_word' id='word_1_130' title='bbox 1323 1439 1470 1492; x_wconf 85' lang='lat' dir='ltr'><strong>Orige-</strong></span> 
     </span>
     <span class='ocr_line' id='line_1_19' title="bbox 59 1516 1470 1572; baseline -0.001 -15"><span class='ocrx_word' id='word_1_131' title='bbox 59 1533 131 1557; x_wconf 81' lang='lat' dir='ltr'><strong>nes</strong></span> <span class='ocrx_word' id='word_1_132' title='bbox 160 1517 201 1557; x_wconf 85' lang='lat' dir='ltr'><strong>in</strong></span> <span class='ocrx_word' id='word_1_133' title='bbox 231 1517 430 1559; x_wconf 86' lang='lat' dir='ltr'><strong>Prooem.</strong></span> <span class='ocrx_word' id='word_1_134' title='bbox 462 1517 607 1558; x_wconf 85' lang='lat' dir='ltr'><strong>libror.</strong></span> <span class='ocrx_word' id='word_1_135' title='bbox 647 1520 751 1572; x_wconf 80' lang='grc' dir='ltr'><strong>περὶ</strong></span> <span class='ocrx_word' id='word_1_136' title='bbox 782 1516 934 1572; x_wconf 75' lang='grc' dir='ltr'><em>ἀρχῶν</em></span> <span class='ocrx_word' id='word_1_137' title='bbox 962 1533 1076 1558; x_wconf 88' lang='lat' dir='ltr'><strong>num.</strong></span> <span class='ocrx_word' id='word_1_138' title='bbox 1106 1517 1169 1560; x_wconf 82' lang='lat'><strong>9.:</strong></span> <span class='ocrx_word' id='word_1_139' title='bbox 1210 1517 1338 1559; x_wconf 78' lang='lat' dir='ltr'><strong>Deus</strong></span> <span class='ocrx_word' id='word_1_140' title='bbox 1367 1529 1470 1572; x_wconf 79' lang='lat' dir='ltr'><strong>quo-</strong></span> 
     </span>
     <span class='ocr_line' id='line_1_20' title="bbox 60 1591 1468 1650; baseline 0 -15"><span class='ocrx_word' id='word_1_141' title='bbox 60 1607 144 1649; x_wconf 82' lang='lat' dir='ltr'><strong>que</strong></span> <span class='ocrx_word' id='word_1_142' title='bbox 173 1596 264 1650; x_wconf 79' lang='lat' dir='ltr'><strong>ipse</strong></span> <span class='ocrx_word' id='word_1_143' title='bbox 285 1595 321 1650; x_wconf 90' lang='lat'><strong>¹)</strong></span> <span class='ocrx_word' id='word_1_144' title='bbox 354 1591 569 1650; x_wconf 78' lang='lat' dir='ltr'><strong>quomodo</strong></span> <span class='ocrx_word' id='word_1_145' title='bbox 599 1593 803 1648; x_wconf 71' lang='lat' dir='ltr'><strong>intelligi</strong></span> <span class='ocrx_word' id='word_1_146' title='bbox 830 1591 1007 1643; x_wconf 78' lang='lat' dir='ltr'><strong>debeat,</strong></span> <span class='ocrx_word' id='word_1_147' title='bbox 1037 1591 1357 1648; x_wconf 71' lang='lat' dir='ltr'><strong>inquirendam</strong></span> <span class='ocrx_word' id='word_1_148' title='bbox 1385 1600 1468 1648; x_wconf 80' lang='lat' dir='ltr'><strong>est,</strong></span> 
     </span>
     <span class='ocr_line' id='line_1_21' title="bbox 61 1668 1484 1726; baseline -0.001 -14"><span class='ocrx_word' id='word_1_149' title='bbox 61 1683 315 1726; x_wconf 78' lang='lat' dir='ltr'><strong>corporeus,</strong></span> <span class='ocrx_word' id='word_1_150' title='bbox 349 1682 411 1710; x_wconf 80' lang='grc' dir='ltr'><strong>αιι</strong></span> <span class='ocrx_word' id='word_1_151' title='bbox 442 1668 688 1712; x_wconf 77' lang='lat' dir='ltr'><strong>secundum</strong></span> <span class='ocrx_word' id='word_1_152' title='bbox 719 1670 914 1726; x_wconf 75' lang='lat' dir='ltr'><strong>aliquem</strong></span> <span class='ocrx_word' id='word_1_153' title='bbox 936 1669 1143 1712; x_wconf 64' lang='lat' dir='ltr'><strong>habitum</strong></span> <span class='ocrx_word' id='word_1_154' title='bbox 1165 1668 1484 1724; x_wconf 78' lang='lat' dir='ltr'><strong>deformatus,-</strong></span> 
     </span>
     <span class='ocr_line' id='line_1_22' title="bbox 62 1746 1466 1804; baseline 0.002 -17"><span class='ocrx_word' id='word_1_155' title='bbox 62 1760 125 1788; x_wconf 82' lang='lat' dir='ltr'><strong>cm</strong></span> <span class='ocrx_word' id='word_1_156' title='bbox 155 1748 348 1788; x_wconf 81' lang='lat' dir='ltr'><strong>alterius</strong></span> <span class='ocrx_word' id='word_1_157' title='bbox 377 1756 580 1789; x_wconf 67' lang='lat' dir='ltr'><strong>naturae</strong></span> <span class='ocrx_word' id='word_1_158' title='bbox 611 1761 746 1803; x_wconf 80' lang='lat' dir='ltr'><strong>quam</strong></span> <span class='ocrx_word' id='word_1_159' title='bbox 777 1761 973 1803; x_wconf 81' lang='lat' dir='ltr'><strong>corpora</strong></span> <span class='ocrx_word' id='word_1_160' title='bbox 1000 1754 1128 1789; x_wconf 77' lang='lat' dir='ltr'><strong>sunt:</strong></span> <span class='ocrx_word' id='word_1_161' title='bbox 1167 1746 1286 1803; x_wconf 81' lang='lat' dir='ltr'><strong>quod</strong></span> <span class='ocrx_word' id='word_1_162' title='bbox 1311 1751 1466 1804; x_wconf 78' lang='lat' dir='ltr'><strong>utique</strong></span> 
     </span>
     <span class='ocr_line' id='line_1_23' title="bbox 61 1822 1467 1882; baseline 0.001 -16"><span class='ocrx_word' id='word_1_163' title='bbox 61 1828 109 1867; x_wconf 82' lang='lat' dir='ltr'><strong>in</strong></span> <span class='ocrx_word' id='word_1_164' title='bbox 145 1822 493 1880; x_wconf 77' lang='lat' dir='ltr'><strong>praedicatione</strong></span> <span class='ocrx_word' id='word_1_165' title='bbox 541 1832 703 1867; x_wconf 79' lang='lat' dir='ltr'><strong>nostra</strong></span> <span class='ocrx_word' id='word_1_166' title='bbox 749 1824 996 1879; x_wconf 69' lang='lat' dir='ltr'><strong>manifeste</strong></span> <span class='ocrx_word' id='word_1_167' title='bbox 1044 1837 1134 1866; x_wconf 78' lang='lat' dir='ltr'><strong>non</strong></span> <span class='ocrx_word' id='word_1_168' title='bbox 1180 1823 1467 1882; x_wconf 78' lang='lat' dir='ltr'><strong>designatur.</strong></span> 
     </span>
     <span class='ocr_line' id='line_1_24' title="bbox 58 1901 1468 1957; baseline 0.001 -15"><span class='ocrx_word' id='word_1_169' title='bbox 58 1902 162 1942; x_wconf 81' lang='lat' dir='ltr'><strong>Inde</strong></span> <span class='ocrx_word' id='word_1_170' title='bbox 192 1914 253 1941; x_wconf 89' lang='lat' dir='ltr'><strong>est</strong></span> <span class='ocrx_word' id='word_1_171' title='bbox 285 1903 398 1956; x_wconf 88' lang='lat' dir='ltr'><strong>quod</strong></span> <span class='ocrx_word' id='word_1_172' title='bbox 428 1901 570 1942; x_wconf 88' lang='lat' dir='ltr'><strong>Deum</strong></span> <span class='ocrx_word' id='word_1_173' title='bbox 601 1902 864 1957; x_wconf 84' lang='lat' dir='ltr'><strong>corporalem</strong></span> <span class='ocrx_word' id='word_1_174' title='bbox 906 1918 993 1943; x_wconf 86' lang='lat' dir='ltr'><strong>esse</strong></span> <span class='ocrx_word' id='word_1_175' title='bbox 1022 1904 1176 1957; x_wconf 88' lang='lat' dir='ltr'><strong>absque</strong></span> <span class='ocrx_word' id='word_1_176' title='bbox 1206 1903 1468 1943; x_wconf 83' lang='lat' dir='ltr'><strong>dubitatione</strong></span> 
     </span>
     <span class='ocr_line' id='line_1_25' title="bbox 58 1979 1466 2030; baseline 0 -10"><span class='ocrx_word' id='word_1_177' title='bbox 58 1979 242 2020; x_wconf 71' lang='lat' dir='ltr'><strong>decrevit</strong></span> <span class='ocrx_word' id='word_1_178' title='bbox 272 1979 582 2028; x_wconf 83' lang='lat' dir='ltr'><strong>Tertullianus,</strong></span> <span class='ocrx_word' id='word_1_179' title='bbox 625 1996 716 2019; x_wconf 78' lang='lat' dir='ltr'><strong>rum</strong></span> <span class='ocrx_word' id='word_1_180' title='bbox 759 1979 883 2029; x_wconf 77' lang='lat' dir='ltr'><strong>alibi,</strong></span> <span class='ocrx_word' id='word_1_181' title='bbox 934 1989 1021 2020; x_wconf 85' lang='lat' dir='ltr'><strong>tum</strong></span> <span class='ocrx_word' id='word_1_182' title='bbox 1063 1980 1222 2021; x_wconf 76' lang='lat' dir='ltr'><strong>advers,</strong></span> <span class='ocrx_word' id='word_1_183' title='bbox 1252 1980 1466 2030; x_wconf 83' lang='lat' dir='ltr'><strong>Praxeam,</strong></span> 
     </span>
     <span class='ocr_line' id='line_1_26' title="bbox 59 2054 1466 2114; baseline 0.001 -16"><span class='ocrx_word' id='word_1_184' title='bbox 59 2073 147 2113; x_wconf 80' lang='lat' dir='ltr'><strong>cap.</strong></span> <span class='ocrx_word' id='word_1_185' title='bbox 179 2058 214 2100; x_wconf 85' lang='lat'><strong>7.</strong></span> <span class='ocrx_word' id='word_1_186' title='bbox 278 2054 399 2108; x_wconf 75' lang='lat' dir='ltr'><strong>Quid</strong></span> <span class='ocrx_word' id='word_1_187' title='bbox 426 2057 546 2097; x_wconf 83' lang='lat' dir='ltr'><strong>enim</strong></span> <span class='ocrx_word' id='word_1_188' title='bbox 576 2054 782 2111; x_wconf 71' lang='lat' dir='ltr'><strong>negabit,</strong></span> <span class='ocrx_word' id='word_1_189' title='bbox 814 2056 963 2112; x_wconf 83' lang='lat' dir='ltr'><strong>inquit,</strong></span> <span class='ocrx_word' id='word_1_190' title='bbox 995 2055 1146 2098; x_wconf 74' lang='lat' dir='ltr'><strong>Deum</strong></span> <span class='ocrx_word' id='word_1_191' title='bbox 1178 2070 1340 2114; x_wconf 77' lang='lat' dir='ltr'><strong>corpus·</strong></span> <span class='ocrx_word' id='word_1_192' title='bbox 1360 2070 1466 2109; x_wconf 75' lang='lat' dir='ltr'><strong>esse,</strong></span> 
     </span>
     <span class='ocr_line' id='line_1_27' title="bbox 57 2132 1467 2190; baseline -0.001 -13"><span class='ocrx_word' id='word_1_193' title='bbox 57 2136 146 2177; x_wconf 76' lang='lat' dir='ltr'><strong>etsi</strong></span> <span class='ocrx_word' id='word_1_194' title='bbox 182 2135 371 2189; x_wconf 74' lang='lat' dir='ltr'><strong>spiritus</strong></span> <span class='ocrx_word' id='word_1_195' title='bbox 416 2133 516 2174; x_wconf 79' lang='lat' dir='ltr'><strong>est?</strong></span> <span class='ocrx_word' id='word_1_196' title='bbox 574 2132 774 2188; x_wconf 77' lang='lat' dir='ltr'><strong>Spiritus</strong></span> <span class='ocrx_word' id='word_1_197' title='bbox 819 2136 939 2174; x_wconf 78' lang='lat' dir='ltr'><strong>euim</strong></span> <span class='ocrx_word' id='word_1_198' title='bbox 977 2146 1138 2190; x_wconf 77' lang='lat' dir='ltr'><strong>eorpus</strong></span> <span class='ocrx_word' id='word_1_199' title='bbox 1176 2136 1251 2176; x_wconf 78' lang='grc' dir='ltr'>,ςιιί</span> <span class='ocrx_word' id='word_1_200' title='bbox 1278 2138 1467 2190; x_wconf 79' lang='lat' dir='ltr'><strong>generis</strong></span> 
     </span>
     <span class='ocr_line' id='line_1_28' title="bbox 58 2207 1464 2267; baseline 0.001 -15"><span class='ocrx_word' id='word_1_201' title='bbox 58 2213 104 2252; x_wconf 78' lang='lat' dir='ltr'><strong>in</strong></span> <span class='ocrx_word' id='word_1_202' title='bbox 134 2223 220 2251; x_wconf 82' lang='lat' dir='ltr'><strong>sua</strong></span> <span class='ocrx_word' id='word_1_203' title='bbox 250 2209 422 2265; x_wconf 75' lang='lat' dir='ltr'><strong>effigie.</strong></span> <span class='ocrx_word' id='word_1_204' title='bbox 461 2207 553 2251; x_wconf 79' lang='lat' dir='ltr'><strong>Sed</strong></span> <span class='ocrx_word' id='word_1_205' title='bbox 579 2217 624 2251; x_wconf 85' lang='lat' dir='ltr'><strong>et</strong></span> <span class='ocrx_word' id='word_1_206' title='bbox 644 2211 890 2252; x_wconf 79' lang='lat' dir='ltr'><strong>invisibilia</strong></span> <span class='ocrx_word' id='word_1_207' title='bbox 920 2211 1002 2253; x_wconf 84' lang='lat' dir='ltr'><strong>illa</strong></span> <span class='ocrx_word' id='word_1_208' title='bbox 1029 2223 1319 2267; x_wconf 68' lang='lat' dir='ltr'><strong>quaecunque</strong></span> <span class='ocrx_word' id='word_1_209' title='bbox 1341 2219 1464 2264; x_wconf 75' lang='lat' dir='ltr'><strong>sunt,</strong></span> 
     </span>
     <span class='ocr_line' id='line_1_29' title="bbox 59 2285 1464 2344; baseline 0.001 -15"><span class='ocrx_word' id='word_1_210' title='bbox 59 2287 228 2329; x_wconf 77' lang='lat' dir='ltr'><strong>habent</strong></span> <span class='ocrx_word' id='word_1_211' title='bbox 259 2285 385 2342; x_wconf 77' lang='lat' dir='ltr'><strong>apud</strong></span> <span class='ocrx_word' id='word_1_212' title='bbox 400 2287 552 2328; x_wconf 81' lang='lat' dir='ltr'><strong>Deum</strong></span> <span class='ocrx_word' id='word_1_213' title='bbox 581 2295 626 2329; x_wconf 88' lang='lat' dir='ltr'><strong>et</strong></span> <span class='ocrx_word' id='word_1_214' title='bbox 655 2300 785 2329; x_wconf 80' lang='lat' dir='ltr'><strong>sunm</strong></span> <span class='ocrx_word' id='word_1_215' title='bbox 817 2301 990 2344; x_wconf 81' lang='lat' dir='ltr'><strong>corpus,</strong></span> <span class='ocrx_word' id='word_1_216' title='bbox 1021 2296 1067 2330; x_wconf 86' lang='lat' dir='ltr'><strong>et</strong></span> <span class='ocrx_word' id='word_1_217' title='bbox 1088 2302 1218 2330; x_wconf 79' lang='lat' dir='ltr'><strong>suam</strong></span> <span class='ocrx_word' id='word_1_218' title='bbox 1235 2288 1464 2342; x_wconf 83' lang='lat' dir='ltr'><strong>formam,</strong></span> 
     </span>
     <span class='ocr_line' id='line_1_30' title="bbox 52 2363 1470 2422; baseline 0.001 -16"><span class='ocrx_word' id='word_1_219' title='bbox 52 2377 138 2420; x_wconf 80' lang='lat' dir='ltr'><strong>per</strong></span> <span class='ocrx_word' id='word_1_220' title='bbox 168 2377 282 2420; x_wconf 74' lang='lat' dir='ltr'><strong>qaae</strong></span> <span class='ocrx_word' id='word_1_221' title='bbox 312 2364 398 2404; x_wconf 81' lang='lat' dir='ltr'><strong>soli</strong></span> <span class='ocrx_word' id='word_1_222' title='bbox 427 2364 525 2406; x_wconf 85' lang='lat' dir='ltr'><strong>Deo</strong></span> <span class='ocrx_word' id='word_1_223' title='bbox 556 2363 751 2406; x_wconf 75' lang='lat' dir='ltr'><strong>ve‘sibilia</strong></span> <span class='ocrx_word' id='word_1_224' title='bbox 788 2373 918 2416; x_wconf 83' lang='lat' dir='ltr'><strong>sunt;</strong></span> <span class='ocrx_word' id='word_1_225' title='bbox 956 2374 1126 2421; x_wconf 80' lang='lat' dir='ltr'><strong>quanto</strong></span> <span class='ocrx_word' id='word_1_226' title='bbox 1166 2368 1318 2421; x_wconf 78' lang='lat' dir='ltr'><strong>magis</strong></span> <span class='ocrx_word' id='word_1_227' title='bbox 1348 2365 1470 2422; x_wconf 75' lang='lat' dir='ltr'><em>quod</em></span> 
     </span>
     <span class='ocr_line' id='line_1_31' title="bbox 61 2438 1466 2497; baseline 0.002 -15"><span class='ocrx_word' id='word_1_228' title='bbox 61 2453 121 2484; x_wconf 74' lang='lat' dir='ltr'><strong>ex</strong></span> <span class='ocrx_word' id='word_1_229' title='bbox 148 2444 285 2497; x_wconf 80' lang='lat' dir='ltr'><strong>ipsius</strong></span> <span class='ocrx_word' id='word_1_230' title='bbox 321 2438 585 2482; x_wconf 76' lang='lat' dir='ltr'><strong>substantia</strong></span> <span class='ocrx_word' id='word_1_231' title='bbox 623 2444 806 2483; x_wconf 73' lang='lat' dir='ltr'><strong>missum</strong></span> <span class='ocrx_word' id='word_1_232' title='bbox 836 2449 926 2494; x_wconf 77' lang='lat' dir='ltr'><strong>est,</strong></span> <span class='ocrx_word' id='word_1_233' title='bbox 955 2444 1051 2484; x_wconf 77' lang='lat' dir='ltr'><strong>sine</strong></span> <span class='ocrx_word' id='word_1_234' title='bbox 1079 2444 1346 2485; x_wconf 78' lang='lat' dir='ltr'><strong>substantia</strong></span> <span class='ocrx_word' id='word_1_235' title='bbox 1376 2456 1466 2485; x_wconf 84' lang='lat' dir='ltr'><strong>non</strong></span> 
     </span>
    </p>
   </div>
   <div class='ocr_carea' id='block_1_3' title="bbox 61 2630 1467 2799">
    <p class='ocr_par' dir='ltr' id='par_1_4' title="bbox 61 2630 1467 2799">
     <span class='ocr_line' id='line_1_32' title="bbox 61 2630 1467 2688; baseline 0.001 -17"><span class='ocrx_word' id='word_1_236' title='bbox 61 2630 319 2679; x_wconf 82' lang='lat' dir='ltr'><strong>substantias,</strong></span> <span class='ocrx_word' id='word_1_237' title='bbox 353 2642 553 2685; x_wconf 82' lang='lat' dir='ltr'><strong>quatenus</strong></span> <span class='ocrx_word' id='word_1_238' title='bbox 585 2630 665 2671; x_wconf 75' lang='lat' dir='ltr'><strong>sint</strong></span> <span class='ocrx_word' id='word_1_239' title='bbox 697 2630 1003 2671; x_wconf 77' lang='lat' dir='ltr'><strong>intellectuales</strong></span> <span class='ocrx_word' id='word_1_240' title='bbox 1042 2648 1242 2687; x_wconf 85' lang='lat' dir='ltr'><strong>mereque</strong></span> <span class='ocrx_word' id='word_1_241' title='bbox 1273 2632 1467 2688; x_wconf 81' lang='lat' dir='ltr'><strong>spiritua-</strong></span> 
     </span>
     <span class='ocr_line' id='line_1_33' title="bbox 61 2687 1466 2743; baseline 0.003 -18"><span class='ocrx_word' id='word_1_242' title='bbox 61 2687 137 2735; x_wconf 87' lang='lat' dir='ltr'><strong>les,</strong></span> <span class='ocrx_word' id='word_1_243' title='bbox 165 2702 248 2726; x_wconf 88' lang='lat' dir='ltr'><strong>non</strong></span> <span class='ocrx_word' id='word_1_244' title='bbox 281 2699 481 2742; x_wconf 80' lang='lat' dir='ltr'><strong>quatenus</strong></span> <span class='ocrx_word' id='word_1_245' title='bbox 513 2704 757 2743; x_wconf 80' lang='lat' dir='ltr'><strong>corporeae,</strong></span> <span class='ocrx_word' id='word_1_246' title='bbox 786 2699 836 2727; x_wconf 90' lang='lat' dir='ltr'><strong>ut</strong></span> <span class='ocrx_word' id='word_1_247' title='bbox 864 2699 977 2728; x_wconf 86' lang='lat' dir='ltr'><strong>recte</strong></span> <span class='ocrx_word' id='word_1_248' title='bbox 1001 2689 1193 2729; x_wconf 80' lang='lat' dir='ltr'><strong>observat</strong></span> <span class='ocrx_word' id='word_1_249' title='bbox 1218 2689 1466 2729; x_wconf 80' lang='lat' dir='ltr'><strong>clarissimus</strong></span> 
     </span>
     <span class='ocr_line' id='line_1_34' title="bbox 63 2742 1298 2799; baseline 0.003 -17"><span class='ocrx_word' id='word_1_250' title='bbox 63 2742 257 2791; x_wconf 81' lang='lat' dir='ltr'><strong>Huetius,</strong></span> <span class='ocrx_word' id='word_1_251' title='bbox 286 2743 472 2797; x_wconf 81' lang='lat' dir='ltr'><strong>quamvis</strong></span> <span class='ocrx_word' id='word_1_252' title='bbox 504 2745 695 2799; x_wconf 83' lang='lat' dir='ltr'><strong>alioquin</strong></span> <span class='ocrx_word' id='word_1_253' title='bbox 723 2745 975 2784; x_wconf 83' lang='lat' dir='ltr'><strong>immensum</strong></span> <span class='ocrx_word' id='word_1_254' title='bbox 1006 2744 1215 2787; x_wconf 67' lang='lat' dir='ltr'><strong>disserant.</strong></span> <span class='ocrx_word' id='word_1_255' title='bbox 1249 2747 1298 2786; x_wconf 84' lang='lat' dir='ltr'><strong>R.</strong></span> 
     </span>
    </p>
   </div>
   <div class='ocr_carea' id='block_1_4' title="bbox 185 2811 941 2868">
    <p class='ocr_par' dir='ltr' id='par_1_5' title="bbox 185 2811 941 2868">
     <span class='ocr_line' id='line_1_35' title="bbox 185 2811 941 2868; baseline 0.004 -17"><span class='ocrx_word' id='word_1_256' title='bbox 185 2811 223 2866; x_wconf 86' lang='lat'><strong>¹)</strong></span> <span class='ocrx_word' id='word_1_257' title='bbox 251 2811 382 2853; x_wconf 87' lang='lat' dir='ltr'><strong>Deest</strong></span> <span class='ocrx_word' id='word_1_258' title='bbox 412 2812 556 2868; x_wconf 81' lang='lat' dir='ltr'><strong>,‚ipse“</strong></span> <span class='ocrx_word' id='word_1_259' title='bbox 584 2815 626 2854; x_wconf 87' lang='lat' dir='ltr'><strong>iu</strong></span> <span class='ocrx_word' id='word_1_260' title='bbox 658 2815 752 2855; x_wconf 77' lang='lat' dir='ltr'><strong>edd.</strong></span> <span class='ocrx_word' id='word_1_261' title='bbox 784 2814 941 2854; x_wconf 76' lang='lat' dir='ltr'><strong>IIuetii,</strong></span> 
     </span>
    </p>
   </div>
  </div>
 </body>
</html>
