1759 3125
472 99 857 141 OmcnmANossnm
887 95 1028 136 Lfflssa
1056 97 1108 136 ΙΙ.
1395 96 1479 140 233

73 214 262 269 superius
291 228 310 251 a
340 226 384 251 se
415 206 753 251 commemoratis
791 209 913 248 valde
959 206 1209 249 contrariam
1250 213 1335 247 esse
1377 207 1480 249 dicit

73 289 330 345 Pamphilus,
361 288 434 328 sed
463 288 600 327 multo
629 285 756 338 magis
778 285 904 326 etiam
924 297 1092 340 quartae
1109 294 1325 339 repugnat,
1356 300 1480 339 quam

74 366 116 407 in
154 364 343 420 proxime
394 363 742 419 praecedentibus
792 361 970 402 examini
1012 372 1159 400 nostro
1204 359 1483 416 subjecimus3

71 442 182 485 unde
220 440 458 482 alterutrius
494 440 649 482 falsitas
687 440 903 480 manifeste
942 438 1103 488 elucet3
1143 438 1218 477 sed
1243 439 1280 493 ¹)
1329 438 1480 480 clarius

71 518 197 559 etiam
225 518 347 559 tertia
387 517 460 559 illa
497 517 751 559 convellitur
797 532 843 556 ex
879 514 1082 555 sexcentis
1115 513 1308 565 Origenis
1336 517 1483 558 adver-

70 612 137 637 sus
166 595 390 646 Ebionem,
422 596 489 636 vel
519 594 713 635 traditam
745 596 795 634 ab
817 593 982 634 Ebione
1001 591 1235 633 doctrinam
1261 609 1478 644 argumen-

70 674 135 716 tis.
195 673 315 728 Quae
346 674 379 714 si
409 673 500 728 quis
531 672 731 724 colligere
763 671 862 711 velit
890 670 1094 719 universa,
1126 670 1260 710 otium
1287 687 1409 711 suum
1439 671 1482 712 in

70 765 115 790 re
162 750 379 791 notissima
425 750 747 790 demonstranda
795 748 1023 803 disperdet.
1105 747 1213 788 Satis
1266 747 1338 788 ille
1389 748 1481 797 erit,

71 843 195 882 quem
242 843 263 867 e
303 827 444 883 primo
485 826 678 878 Origenis
721 827 772 866 de
811 824 1034 879 Principiis
1076 823 1186 863 libro
1236 824 1482 880 Pamphilus

69 903 252 945 adducit.

179 981 273 1021 XV.
332 980 531 1022 Proxime
562 991 910 1020 commemoratas
934 979 1160 1019 calumnias
1192 978 1294 1018 haec
1326 979 1482 1035 excipit

72 1056 112 1097 in
143 1057 309 1098 laudata
340 1058 466 1099 toties
498 1056 731 1112 Apologia:
787 1056 961 1108 Quinta
992 1056 1074 1097 illa
1107 1057 1371 1097 criminatio
1400 1064 1481 1106 est,

70 1148 160 1191 qua
191 1142 403 1176 asserunt
431 1147 534 1176 eum
565 1132 675 1175 duos
715 1133 918 1176 Christos
950 1131 1242 1189 praedicare.
1300 1132 1404 1174 Fuit
1433 1149 1482 1175 ea

70 1229 148 1252 vox
177 1212 363 1267 improbi
391 1212 577 1267 primum
608 1210 857 1259 Marcionis,
899 1211 1079 1250 alterum
1109 1210 1323 1252 Christum
1354 1210 1483 1252 Tibe-

67 1289 192 1331 rianis
225 1301 363 1330 ortum
393 1287 656 1344 temporibus
687 1287 971 1340 agnoscentis;
1001 1288 1189 1328 futurum
1216 1288 1408 1338 alterum,
1438 1289 1480 1329 in

67 1368 232 1409 Judaici
261 1379 390 1408 status
419 1365 728 1406 restitutionem
750 1364 1000 1405 destinatum
1025 1364 1242 1415 censentis,
1271 1365 1334 1406 uti
1365 1382 1483 1407 com-

68 1456 276 1485 memorat
306 1442 591 1485 Tertullianus
621 1442 696 1484 lib.
729 1441 767 1483 4.
799 1453 932 1483 contr.
963 1442 1171 1483 Elarcion.
1206 1459 1294 1497 cap.
1320 1442 1358 1485 6.
1407 1443 1482 1483 Ni·

69 1521 127 1561 hil
172 1533 310 1562 autem
353 1519 448 1560 huic
494 1531 818 1560 consentaneum
858 1520 923 1559 vel
965 1519 1101 1559 simile
1140 1519 1268 1559 fuisse
1307 1519 1482 1573 Origeni

70 1597 307 1655 objectum,
354 1596 488 1653 liquet
534 1614 581 1637 ex
620 1595 835 1651 Pamphili
874 1595 1162 1650 responsione.
1231 1598 1288 1637 At
1327 1597 1480 1639 deinde

69 1676 288 1717 Nestorius
321 1691 415 1715 cum
446 1673 608 1730 duplici
631 1672 843 1715 Christum
873 1689 1052 1728 persona
1084 1684 1275 1713 constare
1305 1676 1481 1730 profite-

71 1764 200 1803 retur,
231 1753 337 1792 duos
370 1751 558 1791 Christos
587 1750 819 1803 induxisse,
867 1749 959 1805 ipso
989 1749 1089 1790 licet
1118 1751 1388 1801 reclamante,
1418 1753 1482 1794 di-

71 1841 161 1871 ctus
191 1845 213 1869 a
242 1828 435 1869 Patribus
481 1840 522 1869 et
561 1827 741 1868 creditus
785 1839 856 1867 est.
926 1828 1014 1867 Nec
1043 1826 1139 1867 satis
1170 1839 1321 1878 exstat,
1349 1847 1480 1886 pai-ne

70 1906 231 1962 aliquid
260 1906 327 1946 vel
359 1905 568 1945 diversum
594 1903 845 1946 Adamantio
877 1904 1063 1944 affictum
1094 1904 1160 1945 sit.
1218 1905 1338 1946 Hanc
1369 1919 1482 1948 certe

71 1983 406 2039 qualemcunque
446 1982 807 2029 criminationem,
845 1997 938 2020 cum
979 1981 1267 2036 superioribus
1295 2000 1483 2039 pugnan-

71 2072 177 2110 tem,
215 2060 347 2101 tribus
379 2058 572 2111 Origenis
606 2058 737 2114 ipsius
774 2058 1026 2098 testimoniis
1066 2057 1255 2111 infringit
1284 2060 1483 2118 Pamphi-

73 2139 146 2179 lus.
206 2139 255 2178 In
287 2136 558 2189 congerendis
590 2152 637 2175 ex
667 2152 812 2188 magna
843 2135 965 2191 copia
994 2136 1210 2190 pluribus,
1255 2154 1361 2194 quae
1391 2140 1482 2180 uni-

71 2215 221 2271 cuique
252 2214 375 2255 obvia
414 2225 530 2263 sunt,
570 2215 721 2254 frustra
764 2214 884 2254 labor
918 2213 1236 2268 impenderetur
1271 2231 1293 2255 a
1331 2216 1482 2270 nobis;

73 2309 167 2334 cum
195 2291 438 2348 praesertim
478 2291 520 2332 in
553 2291 834 2344 origenianis,
879 2307 983 2346 quae
1014 2302 1259 2346 supersunt,
1289 2291 1483 2335 lucubra-

72 2369 268 2419 tionibus,
297 2386 350 2409 ne
381 2370 449 2409 vel
477 2368 697 2409 minimum
722 2368 893 2424 quidem
927 2368 1080 2409 erroris
1110 2367 1232 2425 hujus
1261 2370 1482 2423 vestigium

72 2448 272 2503 reperisse
303 2445 580 2487 meminerim.

184 2525 298 2565 XVI.
358 2524 513 2565 Catena
542 2523 583 2563 in
600 2523 789 2564 Psalmos
821 2524 1097 2564 aBalthasare
1117 2524 1324 2565 Corderio
1357 2526 1482 2576 edita,

76 2602 127 2642 ad
157 2617 320 2641 versum
350 2601 388 2643 2.
417 2601 574 2642 Psalmi
608 2602 787 2650 XLlIl.,
819 2601 986 2642 exhibet
1017 2602 1142 2641 verba
1170 2602 1271 2643 haec
1303 2619 1351 2644 ex
1384 2604 1481 2645 Ori-

197 2766 234 2820 ¹)
267 2769 350 2809 Cfr.
385 2769 435 2807 dc
464 2780 562 2809 nota
594 2770 725 2810 Ruaei
765 2769 845 2810 huc
884 2782 1097 2826 spectante
1127 2771 1334 2811 Excursus
1367 2771 1477 2812 Vlll.

79 2825 128 2866 ad
161 2824 318 2866 calcem
348 2823 476 2865 Tomi
506 2824 627 2882 hujus
657 2827 886 2882 appositus,
