1759 3125
452 111 839 151 ORIGENIANORUM
868 109 1009 149 Lmen
1039 107 1092 148 ΙΙ.
1390 106 1470 151 123

61 227 207 267 ταῦθ-α
236 224 323 276 μὲν
354 221 375 266 ὁ
409 221 573 278 σωτὴρ,
606 222 655 264 ἐν
686 221 735 263 δὲ
768 223 818 280 τῇ
849 222 1070 279 κτιι9>ολικῇ
1099 222 1179 263 τοῦ
1213 218 1470 262 αὐτοῦ’[ω-

64 301 206 344 άννου
238 301 446 359 ἐπιστολῇ
489 302 663 355 λέγεται
702 296 724 341 ὁ
766 295 871 345 θεὸς
908 291 1020 340 εἶναι
1055 299 1175 353 (μῦς,
1220 294 1242 338 ὁ
1281 300 1370 347 μέν
1408 312 1471 344 τις

62 479 155 529 tius,
186 490 231 519 ut
262 496 332 520 eos
365 480 566 532 Origenes
595 480 769 521 minime
799 479 961 520 dicatur
990 478 1250 532 vituperare,
1292 479 1363 534 qui
1392 479 1472 520 Pa-

61 559 168 588 trem
200 564 222 588 a
252 548 366 589 Filio
401 550 531 605 οὐσίᾳ
562 567 647 590 non
680 550 850 591 differre
881 550 1138 598 statuebant,
1177 550 1250 589 sed
1282 566 1353 591 eos
1384 562 1474 590 tan-

63 628 167 668 tum,
200 617 271 672 qui
301 618 404 660 lianc
427 620 676 661 sententiam
708 638 756 661 ex
785 620 846 660 his
880 621 1045 660 duobus
1064 617 1238 659 Joannis
1269 620 1374 660 locis
1404 621 1475 660 de-

64 687 283 728 ducebant.
341 690 479 744 Ipsam
511 692 705 746 profecto
736 690 982 731 sententiam
1013 688 1245 743 vituperat,
1284 700 1331 729 ut
1360 701 1478 744 patet

66 773 113 796 cx
145 757 280 797 verbis
311 776 442 815 seqq.,
475 777 579 816 quae
611 761 750 800 lucem
779 760 877 800 huic
910 760 1006 799 loco
1031 759 1230 799 afferent:
1258 757 1304 800 Ὁ
1335 760 1388 801 δέ
1415 776 1478 806 τις

65 827 380 884 ἀκριβέστερον
411 829 622 883 τηρήσας,
667 829 688 872 ὁ
729 835 804 872 καὶ
837 828 1096 886 ι“’γι·ε’σῑερον
1132 831 1300 884 λέγων,
1342 827 1477 885 ([ήσει,

67 897 119 939 οὐ
150 898 310 940 ταίτὸν
349 896 460 942 εἶναι
508 898 552 942 τὸ
594 905 766 955 (φαῖνον
804 901 853 942 ἒν
893 903 941 959 τῇ
977 904 1131 954 σκοτίᾳ
1164 903 1274 956 (sak,
1308 905 1383 942 καὶ
1412 899 1475 956 μῆ

65 967 532 1026 καταλαλιιβανόμενον
563 967 634 1011 ὑπ’
670 968 817 1023 αὐτῆς,
850 974 922 1012 καὶ
956 969 1004 1013 τὸ
1038 973 1155 1025 (μῦς,
1189 971 1237 1012 ἐν
1270 962 1303 1025 ᾧ
1336 970 1479 1014 οὐδα-

65 1040 161 1092 μῶς
191 1040 279 1081 ἔστι
314 1043 484 1082 σκοτία.
545 1039 606 1078 Ex
648 1039 710 1079 his
742 1041 890 1094 primo
924 1040 1263 1081 concludendum
1298 1041 1478 1092 videtur,

66 1123 151 1147 non
184 1110 429 1150 catholicam
461 1109 711 1159 doctrinam,
743 1126 846 1165 quae
875 1126 999 1149 unam
1043 1120 1083 1149 et
1122 1110 1372 1163 singularem
1401 1114 1480 1154 Pa-

68 1177 141 1218 tris
175 1191 214 1219 et
245 1179 344 1220 Filii
377 1180 649 1220 substantiam
682 1179 893 1229 defendit,
925 1182 976 1220 ab
1009 1179 1192 1232 Origene
1222 1182 1375 1233 refelli,
1405 1185 1480 1224 sed

67 1247 312 1299 haereticos,
344 1248 429 1305 qui,
460 1262 507 1290 ut
536 1251 642 1291 tanti
679 1250 866 1308 mysterii
900 1250 1097 1291 credendi
1129 1251 1369 1293 molestiam
1399 1255 1479 1294 sibi

70 1331 330 1368 excuterent,
371 1320 539 1360 Patrem
573 1333 613 1361 et
642 1321 801 1361 Filium
832 1321 994 1363 Ises-161²
1026 1338 1136 1370 esse,
1166 1321 1209 1361 id
1242 1335 1324 1374 est,
1355 1342 1481 1366 unam

71 1399 111 1427 et
142 1390 314 1429 eandem
346 1406 433 1430 rem
466 1407 512 1430 ac
541 1406 763 1445 personam
795 1392 1006 1432 volebant.
1065 1392 1185 1432 Hanc
1217 1394 1328 1434 enim
1358 1396 1486 1436 habet

71 1458 155 1499 vim
187 1472 229 1500 et
258 1472 447 1500 naturam
485 1460 593 1499 illud
634 1459 823 1510 ῖαύῑόν,
874 1463 988 1517 quod
1035 1463 1085 1502 de
1123 1463 1248 1503 Patre
1289 1476 1330 1504 et
1367 1465 1483 1507 Filio

73 1528 156 1569 dici
191 1542 314 1581 vetat,
345 1542 391 1570 ut
420 1543 536 1586 patet
566 1531 633 1570 vel
667 1547 713 1570 ex
746 1533 897 1571 eodem
929 1533 1008 1572 hoc
1036 1531 1150 1583 loco,
1182 1532 1224 1572 in
1243 1550 1326 1588 quo
1361 1552 1486 1590 quae-

72 1616 180 1649 rens,
222 1618 294 1640 cur
331 1613 493 1641 sanctus
536 1600 784 1652 evangelista
824 1602 995 1657 (Joann.
1027 1603 1068 1650 I,
1101 1602 1162 1656 4.)
1203 1603 1375 1645 dixerit:
1429 1606 1486 1647 In

73 1671 168 1725 ipso
197 1673 294 1711 vita
325 1677 444 1721 erat,
475 1677 519 1711 et
550 1674 648 1718 vim
677 1678 784 1712 erat
823 1672 906 1713 lux
944 1671 1198 1715 hominum.-
1241 1674 1384 1730 sicque
1425 1676 1487 1716 vi-

74 1752 159 1780 tam
200 1741 283 1781 luci
323 1741 627 1796 praeposuerit,
676 1742 906 1796 respondet
947 1741 1074 1782 vitam
1118 1754 1158 1783 et
1201 1744 1365 1796 lucem,
1412 1747 1489 1789 etsi

76 1809 240 1854 ταύτόν
277 1828 407 1852 unum
449 1823 490 1851 et
520 1811 654 1862 idern,
694 1811 815 1852 variis
854 1823 995 1852 tamen
1033 1812 1171 1853 modis
1219 1815 1486 1858 considerari.

76 1882 145 1930 II.,
179 1881 285 1921 Cum
318 1881 529 1930 haeretici,
562 1898 666 1937 quos
696 1882 854 1922 refellit
885 1882 1102 1934 Origenes,
1131 1882 1255 1924 unius
1286 1888 1488 1927 essentiae

74 1952 245 1992 nomine
292 1969 415 1992 unam
461 1968 682 2006 personam
727 1952 1030 2004 intelligerent,
1072 1952 1246 1993 dubium
1295 1972 1382 1996 non
1414 1969 1488 2008 est,

76 2022 177 2078 quin
210 2022 412 2074 Origenes
444 2019 584 2063 eidem
624 2022 718 2062 voci
759 2023 933 2063 eandem
971 2023 1220 2064 sententiam
1250 2025 1490 2082 subjecerit,

78 2104 119 2133 et
148 2094 224 2133 sub
255 2093 374 2132 unius
407 2094 605 2132 essentiae
636 2093 806 2134 nomine
837 2092 1166 2144 singularitatem
1190 2111 1396 2150 personae
1426 2114 1491 2138 re-

78 2165 237 2221 jecerit.
297 2164 410 2204 Haec
441 2163 680 2218 observatio
719 2164 816 2204 inde
854 2164 1145 2213 confirmatur,
1189 2167 1304 2220 quod
1345 2167 1492 2219 Orige-

79 2252 163 2285 nes,
194 2236 293 2275 dum
325 2235 429 2274 hanc
460 2233 648 2274 haeresin
680 2234 862 2284 refellit,
900 2235 944 2275 in
984 2234 1235 2276 contrariam
1266 2252 1353 2277 non
1384 2238 1494 2278 sera-

79 2317 160 2356 tur,
189 2306 263 2345 sed
292 2304 480 2345 medium
510 2316 663 2353 teneat,
692 2316 740 2344 ut
771 2304 977 2345 catholica
1007 2321 1174 2359 semper
1202 2306 1339 2346 tenuit
1357 2309 1493 2348 eccle-

81 2375 151 2417 sia.
210 2375 281 2417 Sic
313 2375 424 2416 enim
457 2386 600 2415 contra
632 2375 864 2416 haereticos
895 2392 1040 2415 verum
1071 2375 1168 2415 Deo
1199 2375 1360 2416 Filium
1392 2393 1492 2417 veu-

83 2445 215 2495 dicat,
250 2457 297 2485 ut
337 2462 423 2485 non
462 2444 584 2485 aliam
623 2445 757 2486 Patris
799 2457 840 2485 et
870 2445 973 2484 Filii
1004 2444 1319 2485 distinctionem
1347 2459 1494 2501 ponat,

84 2530 206 2570 quam
254 2530 358 2570 quae
414 2531 461 2555 ex
506 2514 595 2570 ipsa
649 2515 784 2556 Patris
832 2526 872 2555 et
901 2514 1003 2555 Filii
1049 2516 1225 2556 notione
1257 2515 1490 2557 deducitur.

84 2584 312 2639 Postquam
347 2584 456 2625 enim
489 2585 811 2636 demonstravit,
849 2585 893 2625 in
922 2585 1092 2625 Patrem
1133 2600 1220 2624 non
1250 2585 1420 2634 cadere,
1449 2596 1496 2624 ut

87 2654 222 2694 luceat
244 2654 292 2694 'in
322 2655 527 2706 tenebris,
578 2668 618 2696 ct
655 2656 993 2712 persecutionem
1036 2672 1058 2695 a
1088 2653 1269 2694 tenebris
1300 2653 1494 2710 patiatur,

89 2723 182 2778 quia
212 2723 312 2764 hacc
342 2726 391 2764 ad
414 2726 517 2767 Filii
550 2726 881 2768 incarnationem
911 2727 1162 2772 reseruntur,
1192 2724 1297 2763 hanc
1329 2723 1494 2763 tertiam

88 2793 290 2833 rationem
321 2794 448 2850 addit.
509 2796 687 2846 Tertio,
737 2797 891 2851 inquit,
932 2793 1103 2836 dicetur
1142 2791 1255 2834 leaeo
1292 2793 1375 2833 lucc
1414 2792 1496 2833 lux
