1759 3125
488 81 881 124 OmessmANonum
910 79 1054 122 Lmen
1086 81 1141 122 ΙΙ.
1434 80 1518 126 337

95 194 160 253 jus
199 195 324 236 verba
359 193 460 233 haec
501 207 523 233 e
563 191 674 232 libro
708 190 772 235 10.
830 191 991 244 Legum
1036 192 1169 233 refert
1215 191 1515 237 Theodoretus

96 273 231 316 Serm.
262 270 301 314 3.
333 271 385 310 de
417 269 590 313 curand.
614 269 816 310 Graecor.
847 268 989 310 affect.
1040 266 1200 325 Ψυχὴν
1231 268 1282 312 δὲ
1314 270 1523 314 διοικοῦ-

97 364 199 402 σαν,
232 348 308 390 καὶ
339 347 612 390 ἐνοικοῦσαν
642 348 758 389 πᾶσι
787 349 882 394 τοῖς
901 348 1110 400 πανταχῆ
1129 349 1418 402 κινουμένοις
1447 350 1524 391 λέ-

96 423 257 482 γοντός
287 438 395 478 σου,
443 426 520 466 καὶ
558 421 638 467 τὸν
678 421 878 482 οὐρανὸν
915 423 1108 466 διοικεῖν
1149 420 1326 479 ἀνάγκη
1357 421 1524 481 φάναι.

100 504 160 544 Τί
184 497 305 556 μήν;
338 504 474 542 ῘῑῙιίιν
504 497 531 554 ἢ
560 503 767 553 πλείους;
794 497 911 557 Ἐγώ
945 497 1060 558 ὑπὲρ
1083 502 1220 557 σᾳῶν
1241 499 1526 559 ἀποκρινοῦ-

93 595 191 635 μαι.
241 579 387 620 Δυοῖν
415 577 504 633 μὲν
535 571 618 621 οὖν
646 581 703 634 γε’
728 594 819 621 που
852 574 1018 620 ἐλάττω
1038 574 1102 632 μὴ
1125 579 1341 632 τιθῶμεν,
1375 580 1451 632 τῆς
1478 594 1525 623 τε

93 653 396 711 εὐεργέτιδος,
446 656 524 697 καὶ
563 657 640 708 τῆς
677 653 895 698 τάναντία
938 655 1194 711 δυναμένης
1225 652 1527 711 ἐργάσασθαι.

96 732 146 772 In
191 747 244 771 eo
285 741 426 771 autem
457 731 731 772 Adamantius
768 730 977 788 plurimos
1016 730 1164 772 habuit
1202 730 1526 783 consentientes,

94 809 169 849 sed
201 807 444 849 Cassianum
475 806 724 863 praesertim
759 806 916 850 Collat.
948 808 989 852 8.
1023 825 1112 864 cap.
1144 808 1225 859 17„
1258 819 1300 849 et
1328 807 1425 850 libr.
1460 808 1526 854 13.

97 901 186 942 cap.
218 884 309 935 12,
350 884 422 940 qui
460 884 576 925 idem
605 885 788 925 Hermae
825 885 1120 927 testimonium
1162 886 1358 939 adducit;
1399 897 1525 942 atque

96 962 306 1015 dogmatis
337 961 458 1018 hujus
488 973 704 1017 tamquam
735 961 831 1002 falsi
863 975 906 1003 et
937 979 1080 1004 errore
1111 963 1320 1019 implicati
1336 963 1525 1014 nomine,

96 1052 138 1081 et
168 1041 290 1089 hunc,
323 1050 363 1079 et
393 1039 528 1089 illum,
562 1050 602 1079 et
634 1038 864 1091 Origenem
894 1052 1113 1095 praeterea
1141 1040 1427 1082 Bellarminus
1459 1057 1528 1082 ca-

94 1115 262 1168 stigavit
300 1115 344 1155 in
384 1116 481 1157 libr.
524 1117 576 1157 de
615 1115 760 1172 script.
803 1116 953 1159 eccles.
984 1116 1029 1158 in
1059 1116 1132 1158 lib.
1164 1118 1329 1161 Pastor.
1392 1118 1526 1173 Quod

95 1209 182 1234 non
212 1192 379 1234 fecisset
408 1194 606 1243 fortasse,
647 1193 682 1234 si
721 1193 764 1234 in
796 1194 943 1235 eadem
975 1210 1063 1236 esse
1094 1211 1236 1236 caussa
1271 1194 1528 1248 Gregorium

95 1271 332 1328 Nyssenum
362 1269 636 1312 meminisset.
705 1269 862 1311 Eidem
906 1287 1077 1327 quoque
1116 1271 1314 1314 Cassiano
1345 1272 1529 1328 praeivit

99 1347 316 1400 Origenes,
352 1363 448 1387 cum
477 1346 706 1402 unicuique
736 1346 841 1388 vitio
873 1365 995 1389 suum
1021 1348 1260 1404 praesidem
1291 1365 1379 1390 esse
1411 1352 1530 1392 attri-

103 1425 255 1464 butum
287 1423 509 1476 definivit3
548 1424 665 1480 quod
705 1423 806 1465 licet
843 1440 993 1480 parum
1022 1425 1178 1466 habere
1207 1425 1401 1467 videatur
1428 1443 1527 1483 pro-

96 1501 352 1550 babilitatis,
393 1502 444 1541 ab
489 1499 720 1553 insignibus
757 1512 898 1542 tamen
937 1501 1102 1558 aliquot
1139 1502 1412 1545 Scholasticis
1441 1520 1528 1545 non

100 1579 274 1620 omnino
306 1577 577 1634 repudiatum
609 1589 683 1618 est.

212 1657 281 1697 Ad
312 1655 593 1696 excusandum
625 1653 821 1707 Origenis
863 1671 1051 1697 errorem
1095 1656 1148 1697 de
1188 1656 1350 1714 judicio
1382 1658 1426 1700 in
1456 1675 1528 1700 an-

100 1735 219 1788 gelos
247 1734 446 1774 tutelares
492 1731 597 1772 olim
641 1733 864 1773 statuendo
897 1733 1038 1789 aliqua
1076 1734 1269 1789 superius
1299 1736 1530 1792 proposui-

100 1827 215 1862 mus;
255 1826 369 1850 nunc
410 1808 610 1865 quoniam
649 1809 826 1849 Patrum
854 1809 1064 1863 suffragiis
1097 1821 1138 1850 et
1171 1812 1421 1853 auctoritate
1449 1829 1531 1869 pu-

100 1904 287 1942 gnamus,
319 1888 373 1927 ad
404 1887 650 1927 elevandam
684 1885 900 1942 opinionis
930 1886 1052 1945 hujus
1082 1886 1289 1929 invidiam
1319 1889 1531 1949 Hierony-

102 1981 220 2005 mum
252 1963 445 2016 Origenis
474 1964 797 2015 suffragatorem
828 1965 1099 2005 adducemus.
1158 1965 1199 2005 Is
1230 1965 1274 2006 in
1304 1965 1413 2008 illud
1443 1968 1530 2010 issi-

102 2042 266 2091 chame,
300 2057 389 2096 cap.
424 2041 488 2081 VI.
527 2057 632 2082 vers.
669 2040 705 2084 1.
737 2041 776 2084 2.
836 2041 1045 2093 „Audite‚
1086 2057 1192 2097 quae
1221 2042 1434 2085 Dominus
1465 2045 1531 2086 lo·

103 2120 269 2175 quitur:
302 2118 448 2170 Surge,
481 2119 689 2158 contende
719 2117 881 2175 judicio
914 2119 1136 2160 adversum
1165 2130 1355 2171 montes,
1388 2132 1429 2162 et
1458 2138 1531 2163 au-

104 2195 221 2236 diant
251 2195 382 2236 colles
412 2212 562 2236 vocem
593 2207 724 2237 tuam.
785 2195 970 2237 Audiant
998 2208 1165 2238 montes
1197 2196 1405 2255 judicium
1434 2198 1529 2239 Do-

104 2273 223 2322 mini,
254 2284 297 2312 et
325 2272 452 2313 fortia
482 2274 758 2314 fundamenta
786 2279 984 2315 terrae:“
1023 2273 1240 2315 montibus
1279 2274 1366 2315 illis
1404 2274 1529 2328 signi-

104 2349 221 2392 ficari
250 2360 374 2405 putat
401 2350 592 2401 angelos,
633 2350 784 2407 quibus
826 2367 970 2392 rerum
999 2352 1278 2392 humanarum
1309 2353 1531 2396 commissa

106 2426 352 2484 procuratio
386 2438 459 2478 est,
489 2426 602 2482 juxta
641 2428 819 2469 Denter.
851 2428 1047 2479 XXXII,
1082 2428 1121 2471 8.
1155 2440 1198 2470 et
1225 2429 1355 2472 Hebr.
1386 2430 1418 2480 I,
1450 2431 1531 2483 14„

108 2518 232 2561 atque
265 2520 350 2554 eos,
383 2504 416 2544 si
446 2505 632 2560 populos
663 2521 786 2546 curae
819 2521 916 2546 suae
943 2506 1172 2561 permissos
1202 2507 1313 2548 male
1334 2508 1530 2559 rexerint,

111 2582 328 2638 culpatum
358 2581 438 2632 iri,
477 2582 594 2622 velut
630 2582 808 2638 Apocal.
837 2582 879 2626 2.
910 2594 952 2623 et
983 2582 1020 2626 3.
1082 2583 1193 2624 Hinc
1223 2584 1416 2637 Origenis
1446 2601 1533 2627 non

109 2659 360 2701 sententiam
399 2659 555 2708 modo,
604 2660 678 2700 sed
721 2661 849 2701 verba
887 2661 977 2700 fere
1014 2658 1105 2715 ipsa
1143 2674 1334 2719 usurpat.
1406 2661 1536 2705 Sicut

111 2738 257 2786 enim,
286 2736 447 2792 inquit,
486 2733 720 2777 interdum
758 2739 955 2793 episcopi
987 2737 1123 2793 culpa
1161 2745 1252 2790 est,
1298 2736 1534 2781 interdum

110 2811 271 2868 plebz'S,
300 2819 347 2854 et
375 2825 511 2869 saepe
541 2814 770 2868 magister
793 2821 983 2870 peccat,
1021 2826 1156 2872 saepe
1186 2815 1456 2872 diatonum&
1484 2824 1533 2860 et

116 2888 336 2933 Omenms
369 2889 539 2934 OPERA.
572 2890 692 2934 ΤΟΜ.
722 2891 867 2935 XXII.
1221 2891 1280 2937 22
