1759 3125
490 58 882 101 Omenmmonum
919 55 1061 97 Lmen
1092 55 1146 97 11.
1433 57 1517 102 345

104 171 232 213 debat
259 170 390 220 Filio,
421 180 469 211 ut
496 173 681 229 μεσίτῃ,
713 166 895 210 nominis
923 167 1068 224 hujus,
1099 167 1265 218 oratio,
1295 168 1519 223 proprium

110 265 232 289 usum
261 245 439 299 intelligi
468 247 572 296 vult,
604 257 645 287 et
674 247 724 286 ab
758 244 945 301 ejusdem
977 246 1107 284 abusu
1137 244 1322 284 secerni:
1352 246 1522 286 Πᾶσαι)

108 327 196 382 μὲν
223 324 311 381 γὰρ
343 325 519 377 δέησιν,
560 323 720 379 inquit,
759 325 835 365 καὶ
872 319 1149 378 noos-&tyrim
1193 324 1269 363 καὶ
1309 322 1522 376 ἔντευξιν,

109 404 186 445 καὶ
224 400 515 457 εὐχαριστίαν
556 399 880 455 ἀναπεμπτέον
923 401 984 454 τῷ
1034 400 1109 441 ἐπὶ
1149 401 1264 440 πᾶσι
1308 401 1407 455 Θεῷ
1446 398 1522 442 διὰ

109 481 187 521 τοῦ
219 479 294 520 ἐπὶ
324 475 512 520 πάντων
543 477 751 534 ἀγγέλων
773 476 1010 532 ἀρχιερέως
1033 472 1247 531 ἒμψίχου
1277 473 1417 532 λόγου
1447 479 1526 519 καὶ

109 556 246 598 θεοῦ·
288 553 547 610 δεησόμεθα
588 555 637 598 δὲ
677 557 752 596 καὶ
783 553 919 596 αὐτοῦ
952 555 1030 595 τοῦ
1061 550 1224 608 λόγου,
1264 555 1341 595 καὶ
1372 554 1528 597 ἔντευ-

109 629 285 686 ξόμεθα
328 632 449 688 αὐτῷ
489 636 565 675 καὶ
614 627 1022 688 εὐχαριστήσομεν,
1069 633 1145 671 καὶ
1186 627 1530 686 προςευξόμεθα

112 710 186 765 δὲ,
233 709 314 753 ἐὰν
355 707 602 765 δυνώμεθα
632 704 902 751 κατακούειν
930 710 1006 760 τῆς
1035 710 1136 765 περὶ
1168 710 1418 762 προςευχῆς
1446 723 1530 749 κυ-

114 789 333 843 ριολεξίας
371 790 448 830 καὶ
478 783 806 842 καπιχρήσεως.
875 786 1036 825 Eadem
1056 784 1094 839 ¹)
1127 784 1322 825 cautione
1355 784 1532 834 cultum,

116 876 158 905 et
185 880 331 920 preces
360 865 457 905 Deo
490 862 606 904 Patri
637 863 899 912 offerendas,
927 879 951 903 a
978 862 1175 918 precibus
1205 860 1321 902 Filio
1352 861 1535 914 allegan-

117 941 180 982 dis
212 941 392 982 discerni
424 941 563 998 jubet,
604 951 645 980 et
686 955 708 980 a
748 939 863 980 cultu
903 939 1059 992 angelis
1089 938 1341 979 exhibendo.
1401 938 1535 994 Atqui

116 1018 280 1060 Filium
311 1019 422 1060 orari
453 1016 674 1066 concedit,
714 1017 846 1056 modo
879 1027 1075 1071 tanquam
1106 1021 1308 1071 μεσίτης,
1348 1026 1390 1055 et
1428 1015 1538 1056 inse-

117 1095 223 1136 riori
260 1095 514 1152 precationis
552 1110 704 1147 genere
743 1093 965 1133 invocetur
1002 1109 1049 1132 ac
1088 1094 1235 1144 Pater;
1281 1094 1384 1132 haec
1423 1093 1539 1134 enim

122 1173 202 1213 fuit
230 1173 360 1229 ipsius
391 1172 571 1213 insania:
614 1170 729 1212 idem
765 1170 893 1223 igitur
931 1170 982 1210 de
1020 1169 1218 1226 precibus
1250 1181 1290 1209 et
1321 1170 1439 1209 cultu
1468 1185 1541 1209 an-

121 1249 224 1302 gelis
270 1251 507 1291 exhibendo
553 1248 727 1290 sensisse
771 1249 910 1303 ipsum
961 1248 1303 1288 concludendum
1348 1257 1423 1287 est.
1485 1248 1544 1287 At

122 1326 211 1368 sine
241 1329 413 1380 ambage
443 1327 638 1379 angelum
668 1341 795 1381 prece
826 1336 1048 1366 veneratur
1078 1324 1241 1365 Homil.
1260 1323 1298 1366 1.
1329 1323 1372 1364 in
1390 1323 1543 1365 Ezech-

123 1419 238 1445 num.
272 1404 309 1447 7.
372 1405 562 1458 Omnia,
611 1403 776 1459 inquit,
824 1402 1004 1458 angelis
1037 1401 1179 1457 plena
1227 1406 1348 1441 sunt.
1422 1398 1546 1455 Veni,

124 1481 316 1536 angele:
343 1483 515 1537 suscipe
542 1493 749 1522 sermone
778 1492 1041 1521 conversum
1071 1476 1129 1520 ab
1155 1490 1314 1519 errore
1333 1478 1547 1533 pristino,

128 1570 159 1599 a
188 1556 402 1600 doctrina
431 1557 801 1606 daemoniorum,
841 1558 898 1597 ab
939 1558 1183 1611 iniquitate
1223 1557 1272 1596 in
1304 1554 1452 1596 altum
1483 1553 1546 1595 lo-

129 1641 317 1690 quente.-
352 1637 597 1691 suscipiens
635 1647 737 1676 eum
775 1636 910 1689 quasi
942 1631 1142 1675 medicus
1181 1634 1322 1673 bonus
1360 1630 1550 1684 confove

131 1719 269 1767 atque
298 1713 511 1766 institue3
537 1712 763 1769 parvulus
792 1719 874 1765 est,
906 1709 1036 1752 lzodie
1068 1712 1282 1751 nascitur
1306 1721 1450 1750 senex
1478 1721 1552 1750 re-

126 1802 431 1845 puerascens:
468 1797 516 1831 et
553 1792 725 1845 suscipe
764 1791 973 1831 tribuens
1012 1790 1056 1829 ei
1092 1785 1367 1843 baptismum
1397 1798 1555 1827 secun-

134 1864 223 1907 dae
251 1868 645 1922 regenerationis,
687 1873 733 1907 et
773 1863 949 1907 advoca
987 1851 1076 1906 'tibi'
1109 1863 1222 1905 alios
1251 1865 1392 1905 socios
1421 1864 1556 1904 mini-

134 1944 270 1985 sterii
298 1944 380 1998 tui,
411 1951 463 1984 ut
494 1946 651 1985 cuncti
673 1946 859 1999 pariter
887 1955 972 1994 eos,
1004 1944 1085 1998 qm·
1108 1937 1355 1997 aliquando
1380 1937 1561 1995 decepti

133 2027 259 2070 sunt,
289 2018 516 2063 erudiatis
545 2019 610 2062 ad
633 2018 790 2073 fidem.
852 2019 972 2074 Quae
1005 2018 1193 2075 quamvis
1223 2018 1313 2058 sole
1344 2018 1439 2072 ipso
1474 2016 1559 2057 cla-

137 2098 252 2140 riora
280 2097 375 2148 sint,
405 2099 602 2139 adversus
636 2114 681 2139 ea
711 2110 850 2138 tamen
881 2097 1164 2153 praescribere
1195 2111 1282 2135 non
1314 2094 1561 2134 dubitarunt

138 2175 282 2225 iidem,
314 2175 386 2231 qui
414 2192 539 2231 supra
567 2175 846 2224 Heterodoxi,
878 2187 920 2215 et
940 2173 1169 2215 testimonii
1187 2171 1448 2225 gravitatem,
1481 2187 1563 2226 qua

141 2269 184 2294 se
225 2253 350 2293 obrui
386 2253 640 2303 sentiebant,
680 2251 844 2307 duplici
882 2251 1156 2308 responsione
1197 2251 1384 2300 elevare3
1426 2248 1564 2303 prima

144 2329 316 2386 quidem
349 2329 438 2378 hac,
468 2345 555 2370 non
585 2330 781 2382 religiosa
821 2327 912 2369 illic
943 2328 1138 2380 angelum
1168 2325 1413 2382 precatione
1444 2324 1565 2365 invo-

147 2407 244 2456 cari,
274 2407 347 2447 sed
386 2406 597 2448 rhetorica
635 2408 834 2448 duntaxat
870 2404 1127 2461 apostropha
1166 2402 1397 2459 appellari;
1437 2402 1566 2442 altera

145 2485 238 2534 ista,
269 2483 460 2540 spurium
501 2499 588 2524 esse
618 2483 729 2524 hunc
770 2484 936 2533 locum,
976 2493 1018 2522 et
1048 2482 1238 2522 adultera
1277 2495 1402 2520 manu
1440 2478 1571 2519 inser-

272 2624 311 2680 ¹)
344 2625 455 2665 Vide
507 2622 821 2664 observationes
868 2635 1030 2664 nostras
1075 2622 1118 2663 in
1171 2621 1346 2675 Quaest.
1398 2620 1571 2661 secund.

153 2698 267 2722 num.
299 2682 459 2722 XXIX.
493 2681 545 2720 ad
575 2681 676 2720 haee
708 2681 853 2720 verba:
899 2680 1027 2731 Quae
1059 2676 1237 2735 quidem
1270 2675 1476 2718 absurda
1508 2683 1576 2717 est

157 2745 203 2779 et
234 2750 384 2779 secum
408 2749 630 2793 pugnans
661 2739 930 2791 conquestio.
989 2736 1097 2777 Vide
1136 2748 1177 2777 et
1215 2735 1391 2776 Bullum
1431 2734 1472 2774 in
1504 2734 1578 2773 de-

158 2796 261 2836 tens.
292 2794 395 2835 fidei
424 2794 599 2836 Nicaen.
632 2794 683 2834 de
707 2794 814 2835 Filii
844 2797 905 2850 τῷ
928 2793 1158 2850 ὁμοοι·σίῳ
1191 2808 1281 2848 cap.
1304 2791 1343 2836 9.
1373 2807 1486 2832 num.
1512 2790 1577 2834 15.
