1759 3125
467 102 852 142 Ottffissstonnm
884 99 1023 138 LIBER
1052 98 1104 138 ΙΙ.
1396 99 1474 143 121

72 215 191 267 tium,
221 215 389 256 Patrem
420 229 444 254 a
462 211 593 264 Filio,
619 210 779 253 Filium
810 226 832 251 a
862 209 1025 266 Spiritu
1054 219 1198 250 sancto
1228 208 1361 249 videri
1391 227 1476 251 non

71 307 214 347 posse3
259 290 416 331 XVIII.
457 304 580 344 quam
625 288 676 327 ab
723 303 773 328 eo
822 287 1038 342 depellere
1078 296 1252 326 conatur
1289 285 1477 327 Rufinus.

70 369 189 409 XIX.
220 366 376 407 Utrum
404 364 507 406 Filii
539 364 822 416 cognitionem
853 363 1091 415 cognitione
1121 360 1269 412 Patris,
1300 360 1480 416 Spiritus

70 443 200 485 sancti
246 442 529 495 cognitionem
583 441 823 493 cognitione
867 440 970 482 Filii
1014 440 1260 481 inferiorem
1308 436 1480 491 dixerit3

69 520 165 562 XX.
197 520 314 576 quod
355 518 579 575 aliquando
627 519 794 560 videtur
830 534 1010 571 negasse.
1068 516 1183 558 XXI.
1215 515 1369 556 Utrum
1408 513 1482 555 Fi-

73 595 178 636 lium
228 607 269 636 et
318 595 526 651 Spiritum
581 608 770 636 sanctum
826 592 1124 636 existimaverit
1173 608 1258 632 esse
1308 604 1482 641 creatos,

68 673 210 713 XXII.
241 684 288 713 ut
318 673 444 725 vulgo
476 674 620 713 fertur.
678 672 838 713 XXIII.
869 672 1056 713 Plurima
1086 670 1235 725 culpae
1267 667 1366 708 huic
1399 669 1484 708 ele-

71 750 228 790 vandae
267 760 578 805 proponuntur.
645 748 804 790 XXIV.
839 749 1037 803 Aperitur
1074 747 1250 802 genuina
1289 744 1482 797 Origenis

66 825 285 866 sententia.
343 826 476 866 XXV.
499 825 643 865 Patres
665 823 827 878 aliquot
852 824 1118 865 assentientes
1142 824 1278 864 habet.
1323 822 1480 862 XXVI.

71 902 171 956 Quo
202 918 324 942 sensu
355 901 505 941 dixerit
535 901 620 940 duo
651 900 923 955 Seraphimos
964 902 1116 957 (Isaiae
1149 918 1182 941 c.
1214 899 1253 944 6.
1286 915 1390 940 vers.
1421 898 1483 954 2.)

71 994 157 1019 esse
207 977 440 1027 Christum,
496 989 536 1018 et
575 977 780 1032 Spiritum
829 990 1028 1019 sanctum.
1086 977 1264 1018 XXVII.
1307 974 1484 1017 Crimini

71 1055 192 1095 datur
223 1053 417 1107 Origeni,
459 1055 573 1110 quod
612 1053 762 1094 dixerit
791 1054 958 1095 Patrem
998 1056 1123 1095 rebus
1153 1052 1380 1101 universis,
1410 1051 1484 1092 Fi-

70 1131 174 1172 lium
204 1131 367 1172 ratione
398 1130 611 1186 praeditis,
649 1129 857 1185 Spiritum
887 1143 1076 1171 sanctum
1107 1130 1256 1171 sanctis
1287 1130 1484 1170 duntaxat

68 1224 280 1264 pracesse:
310 1208 516 1257 XXVIII,
545 1208 620 1248 sed
652 1207 903 1249 defenditur.
961 1208 1121 1248 XXIX.
1154 1208 1306 1248 Utrum
1323 1206 1484 1247 Filium

70 1301 156 1325 non
187 1286 390 1325 orandum
423 1300 509 1325 esse
548 1283 895 1339 pronuntiaverit.
954 1285 1092 1325 XXX.
1124 1285 1277 1326 Utrum
1318 1283 1484 1324 finxerit

69 1361 148 1402 sibi
193 1360 400 1417 Spiritum
447 1373 635 1402 sanctum
682 1377 810 1413 genus
863 1362 1092 1402 humanum
1140 1361 1349 1402 redimere
1398 1376 1484 1400 non

671 1439 870 1493 potuisse.

181 1593 214 1635 l.
272 1593 334 1634 Ex
374 1592 424 1633 iis
463 1591 677 1644 religionis
720 1591 976 1633 Christianae
1026 1591 1251 1644 dogmati5‚
1291 1608 1395 1647 quae
1434 1592 1485 1632 ab

73 1670 256 1722 Origene
288 1681 461 1710 tractata
491 1681 610 1721 sunt;
641 1694 692 1701 —-
733 1680 907 1709 tractata
937 1681 1034 1709 sunt
1062 1681 1202 1710 autem
1231 1686 1364 1725 paene
1394 1669 1488 1710 uni-

74 1762 191 1787 versa
223 1764 300 1798 ——3
330 1746 497 1786 nullum
536 1761 666 1801 aeque
708 1746 955 1787 commentis
998 1757 1039 1786 et
1069 1745 1382 1802 opinationibus
1413 1747 1486 1786 de-

74 1824 276 1864 formasse
307 1823 392 1864 suis
425 1822 607 1863 creditus
640 1834 680 1862 ct
713 1822 846 1863 dictus
879 1835 960 1873 est,
991 1839 1038 1863 ac
1068 1823 1200 1875 illud,
1232 1839 1315 1879 quo
1347 1839 1487 1864 sacro-

74 1912 239 1941 sanctae
278 1900 497 1941 Trinitatis
538 1900 780 1957 mysterium
825 1900 1074 1942 continetur.
1150 1901 1256 1941 Nam
1302 1911 1344 1940 et
1385 1899 1488 1941 Filii

75 1977 348 2018 substantiam
387 1977 498 2017 visus
547 1988 607 2016 est
646 1993 667 2017 a
715 1976 942 2017 substantia
981 1976 1115 2017 Patris
1157 1992 1395 2028 secernere3
1447 1988 1489 2018 et

75 2053 234 2095 Filium
264 2054 401 2103 Patre,
434 2053 640 2108 Spiritum
670 2065 859 2094 sanctum
890 2053 1005 2094 Filio
1037 2054 1283 2094 inferiorem
1314 2069 1488 2109 ponere,

76 2132 181 2172 adeo
212 2142 259 2171 ut
288 2130 415 2170 Pater
443 2147 465 2171 a
490 2131 618 2181 Filio,
649 2131 784 2172 Filius
819 2147 841 2171 a
871 2143 1012 2172 sancto
1032 2131 1194 2187 Spiritu
1224 2131 1357 2172 videri
1387 2148 1490 2171 neu-

76 2208 235 2264 tiquam
264 2207 418 2263 possit,
459 2218 582 2262 atque
622 2207 678 2247 ita
723 2208 932 2260 dignitatis
966 2221 1007 2249 et
1038 2208 1309 2250 excellentiae
1342 2209 1489 2260 gradus

78 2286 120 2326 in
137 2285 343 2326 Trinitate
372 2295 573 2335 statucre;
603 2284 765 2324 Filium
789 2302 835 2325 ac
861 2285 1067 2341 Spiritum
1087 2294 1274 2326 san'ctum
1306 2285 1347 2325 in
1380 2302 1492 2326 crea·

77 2374 214 2403 tarum
244 2378 384 2402 rerum
416 2361 608 2401 ordinem
640 2362 886 2414 detrudere·,
917 2363 1014 2403 huic
1044 2374 1299 2414 sanctorum,
1331 2362 1398 2402 illi
1427 2378 1492 2403 ra-

78 2439 194 2480 tione
223 2439 480 2494 pollentium
521 2438 888 2493 procurationem,
933 2440 1092 2481 seclusa
1135 2457 1277 2481 rerum
1316 2439 1492 2480 aliarum

81 2516 454 2566 administratione,
485 2515 709 2567 assignare3
742 2516 1001 2558 orationibus
1023 2517 1176 2558 nostris
1196 2517 1354 2557 Filium
1382 2518 1493 2557 frau-

80 2595 202 2645 dare3
230 2594 500 2634 redimendae
530 2593 664 2649 prolis
695 2593 896 2634 humanae
925 2606 1176 2650 potestatem
1204 2593 1380 2649 Spiritui
1405 2610 1494 2633 san-

85 2681 153 2710 cto
185 2670 421 2721 detrahere3
458 2669 538 2710 alia
577 2669 759 2726 denique
799 2671 1060 2712 comminisci
1097 2671 1301 2728 plurima,
1343 2670 1492 2726 quibus

87 2746 336 2786 substantiae
367 2747 527 2796 unitas,
556 2764 829 2802 personarum
862 2747 1063 2797 Trinitas,
1094 2749 1280 2804 perfecta
1312 2747 1494 2803 ipsarum

86 2821 263 2863 invicem
295 2823 517 2878 aequalitas
549 2824 739 2865 violatur.
