1759 3125
497 108 886 149 ORIGENJANORUM
916 106 1058 147 Lmen
1079 107 1130 147 Π.
1426 111 1507 155 329

102 231 282 272 severat3
313 219 384 274 qui
417 234 515 258 vero
557 219 610 259 ab
655 218 828 259 ecclesia
859 219 984 259 alieni
1014 232 1131 269 sunt,
1163 236 1308 260 eorum
1339 224 1506 274 angelos

101 298 154 337 ad
185 295 376 337 coelestis
416 293 550 335 Patris
591 296 744 335 faciem
784 297 931 337 oculos
973 297 1169 337 attollere
1208 314 1293 338 non
1331 299 1508 349 auderc;

103 385 257 431 etnpro
297 372 518 412 hominum
558 371 638 412 sibi
684 372 950 413 subditorum
988 373 1146 414 meritis
1184 391 1231 414 ac
1268 374 1507 425 virtutibus,

96 449 206 503 plus,
235 448 437 498 minusve,
469 449 536 489 vel
566 461 744 504 semper,
777 449 844 489 vel
874 467 1084 505 nunquam
1108 450 1192 490 Dei
1215 451 1376 491 vultum
1409 468 1509 491 con—

95 525 292 580 templari
321 541 459 581 posse.
520 525 634 579 Quin
665 527 789 567 etiam
818 526 1047 582 unicuique
1080 527 1248 579 angelos
1280 529 1398 577 duos,
1429 530 1507 568 bo-

96 618 196 641 num
227 619 370 652 unum,
401 603 559 643 malum
589 604 767 644 alterum
798 605 940 645 adesse
970 620 1057 645 non
1088 621 1172 645 uno
1204 605 1301 645 loco
1321 622 1505 661 pronun·

97 678 230 728 davit,
260 691 307 719 ut
335 681 463 735 paulo
495 679 669 721 interius
701 682 981 722 ostendemus.

205 756 385 797 Dubitat
426 768 642 812 praeterea
683 757 908 809 Origenes,
956 770 1099 798 utrum
1145 760 1194 798 ab
1234 757 1327 813 ipso
1367 759 1505 799 statim

96 844 193 873 ortu
222 834 392 886 angelus
424 850 565 875 comes
595 834 759 875 homini
790 835 942 885 electo,
975 847 1016 876 et
1045 835 1168 876 saluti
1197 836 1403 876 destinato
1436 838 1506 876 ad-

92 908 286 966 jungatur
314 927 336 951 a
366 912 478 961 Deo,
507 927 557 952 an
589 928 611 952 a
639 911 864 966 baptismo.
924 913 1091 953 Prostat
1120 914 1239 953 locus
1271 913 1410 953 Tomo
1441 913 1502 957 13.

94 987 137 1027 in
176 988 326 1032 Matth.
367 1005 483 1030 num.
509 987 600 1038 26..
643 988 717 1028 ubi
765 987 874 1028 illud
917 989 1206 1042 Evangelistae
1256 991 1501 1045 explanans:

93 1064 351 1120 ‚‚Videte‚¹)
390 1081 442 1105 ne
486 1066 761 1106 contemnatis
790 1082 920 1105 unum
953 1082 999 1105 ex
1031 1066 1092 1106 his
1121 1066 1348 1122 pusillis:“
1379 1084 1505 1122 quae-

91 1140 160 1191 rit,
190 1158 327 1182 annon
360 1142 432 1198 qui
461 1142 505 1183 in
537 1142 705 1184 Christo
736 1142 903 1198 parvuli
934 1154 1049 1191 sunt,
1081 1154 1122 1183 et
1151 1143 1404 1199 imperfecti,
1436 1162 1506 1184 an-

91 1219 284 1272 gelorum
317 1219 507 1260 custodia
537 1231 703 1272 egeant;
731 1218 911 1276 majores
931 1231 1071 1260 autem
1097 1232 1138 1261 et
1158 1220 1348 1275 perfecti,
1383 1221 1505 1262 Chri-

92 1295 144 1336 sti
181 1296 323 1351 ipsius.
391 1296 504 1337 Tum
542 1296 830 1352 quaestionem
871 1309 1244 1337 commemoratam
1285 1300 1506 1354 proponit,

93 1372 246 1428 ecquid
276 1385 499 1429 postquam
537 1373 625 1413 nati
660 1384 758 1413 sunt
787 1371 986 1423 infantes,
1024 1390 1074 1414 an
1103 1386 1326 1429 postquam
1357 1377 1504 1427 renati,

90 1451 339 1501 angelorum
369 1450 590 1491 custodum
623 1449 838 1490 consortio
876 1452 1080 1492 fruantur.
1138 1451 1370 1508 Utramque
1402 1455 1507 1496 locis

94 1544 117 1567 e
148 1526 368 1583 Scriptura
399 1526 595 1583 quaesitis
625 1527 750 1567 fulcit
774 1526 1050 1577 sententiam,
1091 1528 1165 1568 sed
1193 1529 1380 1583 priorem
1412 1532 1507 1587 plu-

91 1602 230 1656 ribus3
265 1604 494 1660 posteriori
530 1620 630 1644 vero
671 1620 930 1660 consequens
970 1621 1056 1645 esse
1096 1605 1306 1657 agnoscit,
1350 1610 1504 1660 angelis

93 1692 257 1722 satanae
286 1682 502 1722 subditum
542 1697 629 1722 esse
667 1681 905 1731 hominem,
945 1681 1146 1737 quamdiu
1182 1683 1312 1723 fidem
1351 1685 1505 1727 Christi

91 1775 179 1798 non
207 1759 402 1815 suscepit.
461 1759 648 1799 Insolens
694 1771 835 1800 autem
873 1775 920 1799 ac
965 1759 1212 1799 damnosum
1257 1771 1339 1810 est,
1391 1765 1506 1818 quod

93 1834 258 1891 adjicit,
299 1836 492 1888 angelum
524 1837 698 1876 fortasse
729 1835 892 1876 homini
918 1836 1106 1876 nascenti
1137 1836 1357 1876 custodem
1388 1840 1504 1880 addi-

93 1922 198 1965 tum,
229 1911 386 1953 malum
418 1912 538 1953 initio
572 1926 682 1965 esse3
719 1911 876 1954 Christi
915 1913 1066 1953 deinde
1098 1912 1332 1954 doctrinam
1365 1933 1507 1972 capes-

93 2000 211 2029 sente
242 2006 392 2045 puero,
423 1991 595 2031 eosdem
625 1991 764 2030 facere
781 2006 1024 2046 progressus
1044 1991 1250 2043 angelum,
1281 2003 1323 2031 et
1354 1993 1504 2035 faciem

96 2066 268 2106 demum
315 2067 509 2108 coelestis
537 2067 673 2108 Patris
718 2078 932 2122 spectare:
977 2068 1046 2107 vel
1090 2068 1266 2108 fortasse
1311 2072 1505 2121 angelum

95 2143 282 2194 homini,
322 2145 390 2185 vel
428 2144 644 2185 hominem
682 2145 830 2196 angelo
871 2144 1014 2186 salutis
1044 2157 1258 2185 auctorem
1291 2146 1506 2190 exsistere:

93 2221 324 2262 nonnullos
361 2238 462 2263 vero
514 2237 535 2262 e
575 2221 819 2262 tutelarium
867 2222 1111 2273 angelorum
1153 2237 1330 2262 numero
1371 2223 1506 2266 Patris

97 2298 293 2338 coelestis
321 2299 522 2354 adspectu
551 2314 716 2354 semper
736 2299 832 2340 frui.
875 2299 1044 2339 Deinde
1067 2298 1247 2354 opponit
1268 2299 1360 2349 sibi,
1392 2305 1507 2356 quod

98 2373 142 2415 in
179 2375 297 2417 Actis
313 2376 356 2432 ²)
393 2376 700 2430 Apostolorum
738 2376 940 2432 scriptum
982 2388 1064 2425 est,
1111 2375 1303 2430 pulsante
1350 2379 1505 2420 ostium

95 2452 249 2504 Petro,
297 2451 369 2509 qui
397 2452 506 2492 intus
536 2465 665 2503 erant,
695 2452 824 2508 ipsius
856 2469 942 2494 esse
972 2452 1162 2504 angelum
1193 2454 1509 2509 pronuntiasse;

99 2546 186 2570 non
216 2546 313 2582 ergo
343 2528 542 2585 perfectis
574 2530 800 2579 Christum,
830 2531 903 2570 sed
934 2529 1126 2580 angelum
1156 2527 1306 2570 itidem
1335 2543 1382 2572 ut
1410 2533 1510 2572 reli-

99 2606 192 2662 quis
220 2607 440 2659 adsistere3
469 2607 697 2661 respondet
726 2623 803 2662 pro
837 2607 1029 2658 dogmate
1059 2605 1307 2646 sententiam
1337 2607 1509 2649 illorum

98 2683 346 2739 neutiquam
376 2699 463 2724 esse
492 2683 747 2734 habendam,
789 2683 859 2739 qui
898 2684 956 2724 sic
992 2681 1187 2724 sentiunt.
1246 2684 1390 2740 Itaque
1422 2687 1511 2726 Ho-

224 2842 263 2898 Ι)
295 2843 443 2885 Mam..
477 2845 638 2895 XVIII,
674 2846 734 2890 10.
857 2845 896 2902 2)
932 2846 1017 2889 cfr.
1051 2847 1143 2886 Act.
1177 2844 1270 2893 ΧΠ,
1304 2845 1367 2888 15.
