<?xml version="1.0" encoding="UTF-8"?>
<!DOCTYPE html PUBLIC "-//W3C//DTD XHTML 1.0 Transitional//EN"
    "http://www.w3.org/TR/xhtml1/DTD/xhtml1-transitional.dtd">
<html xmlns="http://www.w3.org/1999/xhtml" xml:lang="en" lang="en">
 <head>
  <title>
</title>
<meta http-equiv="Content-Type" content="text/html;charset=utf-8" />
  <meta name='ocr-system' content='tesseract 3.04.00' />
  <meta name='ocr-capabilities' content='ocr_page ocr_carea ocr_par ocr_line ocrx_word'/>
</head>
<body>
  <div class='ocr_page' id='page_1' title='image "./operaomniaquaegr22orig/operaomniaquaegr22orig_0035.png"; bbox 0 0 1759 3125; ppageno 0'>
   <div class='ocr_carea' id='block_1_1' title="bbox 493 130 1509 178">
    <p class='ocr_par' dir='ltr' id='par_1_1' title="bbox 493 130 1509 178">
     <span class='ocr_line' id='line_1_1' title="bbox 493 130 1509 178; baseline -0.013 -1"><span class='ocrx_word' id='word_1_1' title='bbox 493 138 880 178; x_wconf 70' lang='lat' dir='ltr'><strong>ORIGEMANORUM</strong></span> <span class='ocrx_word' id='word_1_2' title='bbox 910 133 1052 171; x_wconf 72' lang='lat' dir='ltr'><em>Lim-:R</em></span> <span class='ocrx_word' id='word_1_3' title='bbox 1082 131 1113 170; x_wconf 85' lang='grc' dir='ltr'><em>Ι.</em></span> <span class='ocrx_word' id='word_1_4' title='bbox 1455 130 1509 174; x_wconf 83' lang='lat'><em>23</em></span> 
     </span>
    </p>
   </div>
   <div class='ocr_carea' id='block_1_2' title="bbox 87 240 1505 310">
    <p class='ocr_par' dir='ltr' id='par_1_2' title="bbox 87 240 1505 310">
     <span class='ocr_line' id='line_1_2' title="bbox 87 240 1505 310; baseline -0.008 -16"><span class='ocrx_word' id='word_1_5' title='bbox 87 253 252 310; x_wconf 76' lang='lat' dir='ltr'><em>Jejunia</em></span> <span class='ocrx_word' id='word_1_6' title='bbox 281 252 427 302; x_wconf 84' lang='lat' dir='ltr'><em>longa,</em></span> <span class='ocrx_word' id='word_1_7' title='bbox 460 247 597 289; x_wconf 89' lang='lat' dir='ltr'><em>somni</em></span> <span class='ocrx_word' id='word_1_8' title='bbox 627 247 798 294; x_wconf 81' lang='lat' dir='ltr'><em>breves,</em></span> <span class='ocrx_word' id='word_1_9' title='bbox 832 259 939 299; x_wconf 86' lang='lat' dir='ltr'><em>quos</em></span> <span class='ocrx_word' id='word_1_10' title='bbox 980 240 1098 281; x_wconf 84' lang='lat' dir='ltr'><em>humi</em></span> <span class='ocrx_word' id='word_1_11' title='bbox 1138 252 1325 292; x_wconf 76' lang='lat' dir='ltr'><em>tantum,</em></span> <span class='ocrx_word' id='word_1_12' title='bbox 1366 243 1432 282; x_wconf 79' lang='lat' dir='ltr'><em>vel</em></span> <span class='ocrx_word' id='word_1_13' title='bbox 1463 243 1505 284; x_wconf 85' lang='lat' dir='ltr'><em>in</em></span> 
     </span>
    </p>
   </div>
   <div class='ocr_carea' id='block_1_3' title="bbox 87 318 1506 385">
    <p class='ocr_par' dir='ltr' id='par_1_3' title="bbox 87 318 1506 385">
     <span class='ocr_line' id='line_1_3' title="bbox 87 318 1506 385; baseline -0.008 -14"><span class='ocrx_word' id='word_1_14' title='bbox 87 343 224 372; x_wconf 82' lang='lat' dir='ltr'><em>storea</em></span> <span class='ocrx_word' id='word_1_15' title='bbox 254 328 438 385; x_wconf 80' lang='lat' dir='ltr'><em>abjectus</em></span> <span class='ocrx_word' id='word_1_16' title='bbox 471 325 674 381; x_wconf 75' lang='lat' dir='ltr'><em>capiebat.</em></span> <span class='ocrx_word' id='word_1_17' title='bbox 728 320 916 373; x_wconf 79' lang='lat' dir='ltr'><em>Frigoris</em></span> <span class='ocrx_word' id='word_1_18' title='bbox 948 321 1001 360; x_wconf 78' lang='lat' dir='ltr'><em>ad</em></span> <span class='ocrx_word' id='word_1_19' title='bbox 1032 319 1132 359; x_wconf 83' lang='lat' dir='ltr'><em>haec</em></span> <span class='ocrx_word' id='word_1_20' title='bbox 1156 318 1506 374; x_wconf 79' lang='lat' dir='ltr'><em>patientissimu53</em></span> 
     </span>
    </p>
   </div>
   <div class='ocr_carea' id='block_1_4' title="bbox 83 548 1569 2931">
    <p class='ocr_par' dir='ltr' id='par_1_4' title="bbox 83 548 1569 2931">
     <span class='ocr_line' id='line_1_4' title="bbox 88 548 1508 614; baseline -0.006 -15"><span class='ocrx_word' id='word_1_21' title='bbox 88 560 165 599; x_wconf 88' lang='lat' dir='ltr'><em>bus</em></span> <span class='ocrx_word' id='word_1_22' title='bbox 210 574 316 614; x_wconf 81' lang='lat' dir='ltr'><em>quae</em></span> <span class='ocrx_word' id='word_1_23' title='bbox 365 556 575 612; x_wconf 78' lang='lat' dir='ltr'><strong>possidet,</strong></span> <span class='ocrx_word' id='word_1_24' title='bbox 621 571 707 595; x_wconf 84' lang='lat' dir='ltr'><em>non</em></span> <span class='ocrx_word' id='word_1_25' title='bbox 751 564 893 609; x_wconf 77' lang='lat' dir='ltr'><em>potest</em></span> <span class='ocrx_word' id='word_1_26' title='bbox 938 568 1055 592; x_wconf 82' lang='lat' dir='ltr'><em>meus</em></span> <span class='ocrx_word' id='word_1_27' title='bbox 1105 566 1191 591; x_wconf 86' lang='lat' dir='ltr'><em>esse</em></span> <span class='ocrx_word' id='word_1_28' title='bbox 1236 548 1508 604; x_wconf 80' lang='lat' dir='ltr'><em>discipuluS.“</em></span> 
     </span>
     <span class='ocr_line' id='line_1_5' title="bbox 97 621 1508 677; baseline -0.009 -6"><span class='ocrx_word' id='word_1_29' title='bbox 97 629 402 672; x_wconf 84' lang='lat' dir='ltr'><em>Contremisco</em></span> <span class='ocrx_word' id='word_1_30' title='bbox 436 626 550 668; x_wconf 85' lang='lat' dir='ltr'><em>haec</em></span> <span class='ocrx_word' id='word_1_31' title='bbox 579 624 745 667; x_wconf 81' lang='lat' dir='ltr'><em>diceus.</em></span> <span class='ocrx_word' id='word_1_32' title='bbox 803 623 929 665; x_wconf 83' lang='lat' dir='ltr'><em>Meus</em></span> <span class='ocrx_word' id='word_1_33' title='bbox 967 624 1087 663; x_wconf 85' lang='lat' dir='ltr'><em>enim</em></span> <span class='ocrx_word' id='word_1_34' title='bbox 1110 622 1263 677; x_wconf 79' lang='lat' dir='ltr'><em>primo</em></span> <span class='ocrx_word' id='word_1_35' title='bbox 1293 621 1508 674; x_wconf 87' lang='lat' dir='ltr'><em>omnium,</em></span> 
     </span>
     <span class='ocr_line' id='line_1_6' title="bbox 89 687 1510 752; baseline -0.007 -12"><span class='ocrx_word' id='word_1_36' title='bbox 89 711 226 749; x_wconf 84' lang='lat' dir='ltr'><em>meus,</em></span> <span class='ocrx_word' id='word_1_37' title='bbox 257 700 460 752; x_wconf 82' lang='lat' dir='ltr'><em>inquam,</em></span> <span class='ocrx_word' id='word_1_38' title='bbox 493 697 586 751; x_wconf 86' lang='lat' dir='ltr'><em>ipse</em></span> <span class='ocrx_word' id='word_1_39' title='bbox 617 701 860 736; x_wconf 82' lang='lat' dir='ltr'><em>accusator</em></span> <span class='ocrx_word' id='word_1_40' title='bbox 890 694 1053 746; x_wconf 72' lang='lat' dir='ltr'><em>exista,</em></span> <span class='ocrx_word' id='word_1_41' title='bbox 1088 703 1214 732; x_wconf 87' lang='lat' dir='ltr'><em>meas</em></span> <span class='ocrx_word' id='word_1_42' title='bbox 1239 687 1510 731; x_wconf 84' lang='lat' dir='ltr'><em>condemna—</em></span> 
     </span>
     <span class='ocr_line' id='line_1_7' title="bbox 90 758 1510 822; baseline -0.008 -12"><span class='ocrx_word' id='word_1_43' title='bbox 90 771 233 810; x_wconf 86' lang='lat' dir='ltr'><em>tiones</em></span> <span class='ocrx_word' id='word_1_44' title='bbox 265 768 430 822; x_wconf 79' lang='lat' dir='ltr'><em>loquor.</em></span> <span class='ocrx_word' id='word_1_45' title='bbox 490 764 646 821; x_wconf 75' lang='lat' dir='ltr'><em>Negat</em></span> <span class='ocrx_word' id='word_1_46' title='bbox 687 763 894 805; x_wconf 84' lang='lat' dir='ltr'><em>Christus</em></span> <span class='ocrx_word' id='word_1_47' title='bbox 932 775 1063 804; x_wconf 83' lang='lat' dir='ltr'><em>suum</em></span> <span class='ocrx_word' id='word_1_48' title='bbox 1103 773 1197 802; x_wconf 87' lang='lat' dir='ltr'><em>esse</em></span> <span class='ocrx_word' id='word_1_49' title='bbox 1228 758 1510 814; x_wconf 72' lang='lat' dir='ltr'><em>discipulum,</em></span> 
     </span>
     <span class='ocr_line' id='line_1_8' title="bbox 93 832 1510 894; baseline -0.007 -16"><span class='ocrx_word' id='word_1_50' title='bbox 93 851 223 894; x_wconf 84' lang='lat' dir='ltr'><em>quem</em></span> <span class='ocrx_word' id='word_1_51' title='bbox 253 836 421 880; x_wconf 82' lang='lat' dir='ltr'><em>viderit</em></span> <span class='ocrx_word' id='word_1_52' title='bbox 451 833 626 890; x_wconf 83' lang='lat' dir='ltr'><em>aliquid</em></span> <span class='ocrx_word' id='word_1_53' title='bbox 644 832 964 891; x_wconf 70' lang='lat' dir='ltr'><em>possidentem,</em></span> <span class='ocrx_word' id='word_1_54' title='bbox 995 838 1041 873; x_wconf 89' lang='lat' dir='ltr'><em>et</em></span> <span class='ocrx_word' id='word_1_55' title='bbox 1071 844 1186 881; x_wconf 88' lang='lat' dir='ltr'><em>eum,</em></span> <span class='ocrx_word' id='word_1_56' title='bbox 1220 832 1298 886; x_wconf 81' lang='lat' dir='ltr'><em>qui</em></span> <span class='ocrx_word' id='word_1_57' title='bbox 1317 843 1407 870; x_wconf 79' lang='lat' dir='ltr'><em>non</em></span> <span class='ocrx_word' id='word_1_58' title='bbox 1438 841 1510 870; x_wconf 86' lang='lat' dir='ltr'><em>re-</em></span> 
     </span>
     <span class='ocr_line' id='line_1_9' title="bbox 91 899 1512 961; baseline -0.005 -13"><span class='ocrx_word' id='word_1_59' title='bbox 91 909 286 949; x_wconf 84' lang='lat' dir='ltr'><em>nunciat</em></span> <span class='ocrx_word' id='word_1_60' title='bbox 327 907 554 957; x_wconf 83' lang='lat' dir='ltr'><em>omnibus,</em></span> <span class='ocrx_word' id='word_1_61' title='bbox 600 917 714 961; x_wconf 84' lang='lat' dir='ltr'><em>quae</em></span> <span class='ocrx_word' id='word_1_62' title='bbox 751 902 961 959; x_wconf 73' lang='lat' dir='ltr'><em>possidet.</em></span> <span class='ocrx_word' id='word_1_63' title='bbox 1039 901 1103 944; x_wconf 86' lang='lat' dir='ltr'><em>Et</em></span> <span class='ocrx_word' id='word_1_64' title='bbox 1147 899 1258 958; x_wconf 79' lang='lat' dir='ltr'><em>quid</em></span> <span class='ocrx_word' id='word_1_65' title='bbox 1300 900 1512 957; x_wconf 71' lang='lat' dir='ltr'><em>agimus?</em></span> 
     </span>
     <span class='ocr_line' id='line_1_10' title="bbox 93 972 1512 1031; baseline -0.004 -13"><span class='ocrx_word' id='word_1_66' title='bbox 93 975 320 1030; x_wconf 79' lang='lat' dir='ltr'><em>Quomodo</em></span> <span class='ocrx_word' id='word_1_67' title='bbox 351 976 464 1018; x_wconf 79' lang='lat' dir='ltr'><em>haec</em></span> <span class='ocrx_word' id='word_1_68' title='bbox 495 983 578 1017; x_wconf 88' lang='lat' dir='ltr'><em>aut</em></span> <span class='ocrx_word' id='word_1_69' title='bbox 617 977 707 1031; x_wconf 89' lang='lat' dir='ltr'><em>ipsi</em></span> <span class='ocrx_word' id='word_1_70' title='bbox 733 974 949 1029; x_wconf 77' lang='lat' dir='ltr'><em>legimus,</em></span> <span class='ocrx_word' id='word_1_71' title='bbox 988 979 1072 1013; x_wconf 86' lang='lat' dir='ltr'><em>aut</em></span> <span class='ocrx_word' id='word_1_72' title='bbox 1105 973 1285 1028; x_wconf 79' lang='lat' dir='ltr'><em>populis</em></span> <span class='ocrx_word' id='word_1_73' title='bbox 1323 972 1512 1026; x_wconf 75' lang='lat' dir='ltr'><em>exponi-</em></span> 
     </span>
     <span class='ocr_line' id='line_1_11' title="bbox 90 1040 1512 1103; baseline -0.006 -14"><span class='ocrx_word' id='word_1_74' title='bbox 90 1061 203 1103; x_wconf 85' lang='lat' dir='ltr'><em>mus,</em></span> <span class='ocrx_word' id='word_1_75' title='bbox 235 1049 313 1103; x_wconf 81' lang='lat' dir='ltr'><em>qui</em></span> <span class='ocrx_word' id='word_1_76' title='bbox 339 1060 430 1088; x_wconf 79' lang='lat' dir='ltr'><em>non</em></span> <span class='ocrx_word' id='word_1_77' title='bbox 461 1047 606 1088; x_wconf 85' lang='lat' dir='ltr'><em>solum</em></span> <span class='ocrx_word' id='word_1_78' title='bbox 637 1059 727 1086; x_wconf 75' lang='lat' dir='ltr'><em>non</em></span> <span class='ocrx_word' id='word_1_79' title='bbox 757 1045 1086 1085; x_wconf 74' lang='lat' dir='ltr'><em>renunciamus</em></span> <span class='ocrx_word' id='word_1_80' title='bbox 1117 1040 1199 1088; x_wconf 87' lang='lat' dir='ltr'><em>his,</em></span> <span class='ocrx_word' id='word_1_81' title='bbox 1231 1054 1345 1097; x_wconf 82' lang='lat' dir='ltr'><em>quae</em></span> <span class='ocrx_word' id='word_1_82' title='bbox 1370 1042 1512 1096; x_wconf 84' lang='lat' dir='ltr'><em>possi-</em></span> 
     </span>
     <span class='ocr_line' id='line_1_12' title="bbox 92 1114 1513 1172; baseline -0.005 -14"><span class='ocrx_word' id='word_1_83' title='bbox 92 1115 269 1168; x_wconf 86' lang='lat' dir='ltr'><em>demus,</em></span> <span class='ocrx_word' id='word_1_84' title='bbox 309 1115 390 1159; x_wconf 90' lang='lat' dir='ltr'><em>sed</em></span> <span class='ocrx_word' id='word_1_85' title='bbox 424 1124 470 1159; x_wconf 87' lang='lat' dir='ltr'><em>et</em></span> <span class='ocrx_word' id='word_1_86' title='bbox 502 1119 739 1172; x_wconf 75' lang='lat' dir='ltr'><em>acquirere</em></span> <span class='ocrx_word' id='word_1_87' title='bbox 769 1114 972 1157; x_wconf 71' lang='lat' dir='ltr'><em>volumus</em></span> <span class='ocrx_word' id='word_1_88' title='bbox 1001 1125 1081 1163; x_wconf 79' lang='lat' dir='ltr'><em>ea,</em></span> <span class='ocrx_word' id='word_1_89' title='bbox 1123 1124 1239 1166; x_wconf 82' lang='lat' dir='ltr'><em>quae</em></span> <span class='ocrx_word' id='word_1_90' title='bbox 1279 1124 1513 1166; x_wconf 83' lang='lat' dir='ltr'><em>nunquam</em></span> 
     </span>
     <span class='ocr_line' id='line_1_13' title="bbox 92 1181 1514 1242; baseline -0.006 -13"><span class='ocrx_word' id='word_1_91' title='bbox 92 1186 332 1230; x_wconf 84' lang='lat' dir='ltr'><em>habuimus</em></span> <span class='ocrx_word' id='word_1_92' title='bbox 371 1195 619 1242; x_wconf 82' lang='lat' dir='ltr'><em>antequam</em></span> <span class='ocrx_word' id='word_1_93' title='bbox 660 1187 914 1227; x_wconf 71' lang='lat' dir='ltr'><em>veniremus</em></span> <span class='ocrx_word' id='word_1_94' title='bbox 962 1181 1026 1225; x_wconf 88' lang='lat' dir='ltr'><em>ad</em></span> <span class='ocrx_word' id='word_1_95' title='bbox 1071 1182 1335 1225; x_wconf 79' lang='lat' dir='ltr'><em>Christum?</em></span> <span class='ocrx_word' id='word_1_96' title='bbox 1392 1181 1514 1223; x_wconf 83' lang='lat' dir='ltr'><em>Num</em></span> 
     </span>
     <span class='ocr_line' id='line_1_14' title="bbox 91 1255 1513 1314; baseline -0.004 -15"><span class='ocrx_word' id='word_1_97' title='bbox 91 1256 331 1314; x_wconf 83' lang='lat' dir='ltr'><em>quidnam,</em></span> <span class='ocrx_word' id='word_1_98' title='bbox 370 1260 477 1313; x_wconf 82' lang='lat' dir='ltr'><em>quia</em></span> <span class='ocrx_word' id='word_1_99' title='bbox 516 1271 597 1299; x_wconf 81' lang='lat' dir='ltr'><em>nos</em></span> <span class='ocrx_word' id='word_1_100' title='bbox 633 1255 886 1312; x_wconf 71' lang='lat' dir='ltr'><em>redarguit</em></span> <span class='ocrx_word' id='word_1_101' title='bbox 926 1255 1228 1303; x_wconf 86' lang='lat' dir='ltr'><em>conscientia,</em></span> <span class='ocrx_word' id='word_1_102' title='bbox 1282 1260 1439 1308; x_wconf 77' lang='lat' dir='ltr'><em>tegere</em></span> <span class='ocrx_word' id='word_1_103' title='bbox 1468 1260 1513 1294; x_wconf 90' lang='lat' dir='ltr'><em>et</em></span> 
     </span>
     <span class='ocr_line' id='line_1_15' title="bbox 92 1322 1515 1384; baseline -0.003 -15"><span class='ocrx_word' id='word_1_104' title='bbox 92 1342 181 1370; x_wconf 77' lang='lat' dir='ltr'><em>non</em></span> <span class='ocrx_word' id='word_1_105' title='bbox 206 1328 428 1384; x_wconf 86' lang='lat' dir='ltr'><em>proferre</em></span> <span class='ocrx_word' id='word_1_106' title='bbox 459 1340 574 1383; x_wconf 80' lang='lat' dir='ltr'><em>quae</em></span> <span class='ocrx_word' id='word_1_107' title='bbox 616 1329 792 1383; x_wconf 86' lang='lat' dir='ltr'><em>scripta</em></span> <span class='ocrx_word' id='word_1_108' title='bbox 829 1332 937 1366; x_wconf 87' lang='lat' dir='ltr'><em>sunt</em></span> <span class='ocrx_word' id='word_1_109' title='bbox 962 1326 1231 1380; x_wconf 82' lang='lat' dir='ltr'><em>possumus?</em></span> <span class='ocrx_word' id='word_1_110' title='bbox 1288 1323 1402 1365; x_wconf 71' lang='lat' dir='ltr'><em>Nolo</em></span> <span class='ocrx_word' id='word_1_111' title='bbox 1433 1322 1515 1365; x_wconf 86' lang='lat' dir='ltr'><em>du-</em></span> 
     </span>
     <span class='ocr_line' id='line_1_16' title="bbox 89 1395 1515 1455; baseline -0.004 -16"><span class='ocrx_word' id='word_1_112' title='bbox 89 1399 261 1455; x_wconf 81' lang='lat' dir='ltr'><em>plicati</em></span> <span class='ocrx_word' id='word_1_113' title='bbox 295 1399 501 1440; x_wconf 82' lang='lat' dir='ltr'><em>criminis</em></span> <span class='ocrx_word' id='word_1_114' title='bbox 528 1397 650 1453; x_wconf 82' lang='lat' dir='ltr'><em>fieri</em></span> <span class='ocrx_word' id='word_1_115' title='bbox 682 1409 799 1439; x_wconf 86' lang='lat' dir='ltr'><em>reus.</em></span> <span class='ocrx_word' id='word_1_116' title='bbox 873 1395 1118 1450; x_wconf 87' lang='lat' dir='ltr'><em>Confiteor,</em></span> <span class='ocrx_word' id='word_1_117' title='bbox 1159 1401 1204 1436; x_wconf 90' lang='lat' dir='ltr'><em>et</em></span> <span class='ocrx_word' id='word_1_118' title='bbox 1236 1395 1400 1450; x_wconf 84' lang='lat' dir='ltr'><em>palam</em></span> <span class='ocrx_word' id='word_1_119' title='bbox 1435 1407 1515 1450; x_wconf 85' lang='lat' dir='ltr'><em>po-</em></span> 
     </span>
     <span class='ocr_line' id='line_1_17' title="bbox 88 1466 1517 1526; baseline -0.003 -17"><span class='ocrx_word' id='word_1_120' title='bbox 88 1469 198 1526; x_wconf 82' lang='lat' dir='ltr'><em>pulo</em></span> <span class='ocrx_word' id='word_1_121' title='bbox 231 1467 448 1510; x_wconf 81' lang='lat' dir='ltr'><em>audiente</em></span> <span class='ocrx_word' id='word_1_122' title='bbox 480 1467 703 1523; x_wconf 82' lang='lat' dir='ltr'><em>confiteor</em></span> <span class='ocrx_word' id='word_1_123' title='bbox 732 1466 845 1508; x_wconf 87' lang='lat' dir='ltr'><em>haec</em></span> <span class='ocrx_word' id='word_1_124' title='bbox 868 1469 1044 1522; x_wconf 85' lang='lat' dir='ltr'><em>scripta</em></span> <span class='ocrx_word' id='word_1_125' title='bbox 1066 1478 1173 1518; x_wconf 86' lang='lat' dir='ltr'><em>esse,</em></span> <span class='ocrx_word' id='word_1_126' title='bbox 1206 1466 1389 1506; x_wconf 87' lang='lat' dir='ltr'><em>etiamsi</em></span> <span class='ocrx_word' id='word_1_127' title='bbox 1406 1476 1517 1504; x_wconf 83' lang='lat' dir='ltr'><em>non-</em></span> 
     </span>
     <span class='ocr_line' id='line_1_18' title="bbox 96 1535 1522 1595; baseline -0.003 -15"><span class='ocrx_word' id='word_1_128' title='bbox 96 1537 203 1580; x_wconf 87' lang='lat' dir='ltr'><em>dum</em></span> <span class='ocrx_word' id='word_1_129' title='bbox 232 1539 437 1595; x_wconf 74' lang='lat' dir='ltr'><em>implesse</em></span> <span class='ocrx_word' id='word_1_130' title='bbox 468 1552 538 1579; x_wconf 90' lang='lat' dir='ltr'><em>me</em></span> <span class='ocrx_word' id='word_1_131' title='bbox 569 1539 682 1579; x_wconf 77' lang='lat' dir='ltr'><em>novi.</em></span> <span class='ocrx_word' id='word_1_132' title='bbox 741 1535 833 1579; x_wconf 88' lang='lat' dir='ltr'><em>Sed</em></span> <span class='ocrx_word' id='word_1_133' title='bbox 860 1549 921 1578; x_wconf 72' lang='lat' dir='ltr'><em>ex</em></span> <span class='ocrx_word' id='word_1_134' title='bbox 952 1535 1033 1576; x_wconf 87' lang='lat' dir='ltr'><em>hoc</em></span> <span class='ocrx_word' id='word_1_135' title='bbox 1062 1535 1226 1576; x_wconf 86' lang='lat' dir='ltr'><em>saltem</em></span> <span class='ocrx_word' id='word_1_136' title='bbox 1257 1536 1522 1576; x_wconf 79' lang='lat' dir='ltr'><em>commoniti</em></span> 
     </span>
     <span class='ocr_line' id='line_1_19' title="bbox 83 1603 1516 1664; baseline -0.003 -13"><span class='ocrx_word' id='word_1_137' title='bbox 83 1609 366 1664; x_wconf 84' lang='lat' dir='ltr'><em>festinemus</em></span> <span class='ocrx_word' id='word_1_138' title='bbox 397 1608 609 1664; x_wconf 87' lang='lat' dir='ltr'><em>implere,</em></span> <span class='ocrx_word' id='word_1_139' title='bbox 643 1606 926 1661; x_wconf 83' lang='lat' dir='ltr'><em>festinemus</em></span> <span class='ocrx_word' id='word_1_140' title='bbox 969 1608 1174 1647; x_wconf 81' lang='lat' dir='ltr'><em>transire</em></span> <span class='ocrx_word' id='word_1_141' title='bbox 1205 1616 1234 1644; x_wconf 87' lang='lat' dir='ltr'><em>a</em></span> <span class='ocrx_word' id='word_1_142' title='bbox 1264 1603 1516 1646; x_wconf 82' lang='lat' dir='ltr'><em>sucerdoti-</em></span> 
     </span>
     <span class='ocr_line' id='line_1_20' title="bbox 99 1673 1516 1732; baseline -0.003 -12"><span class='ocrx_word' id='word_1_143' title='bbox 99 1677 178 1720; x_wconf 84' lang='lat' dir='ltr'><em>hus</em></span> <span class='ocrx_word' id='word_1_144' title='bbox 214 1678 496 1732; x_wconf 78' lang='lat' dir='ltr'><em>Pharaonis,</em></span> <span class='ocrx_word' id='word_1_145' title='bbox 538 1675 695 1732; x_wconf 75' lang='lat' dir='ltr'><em>quibus</em></span> <span class='ocrx_word' id='word_1_146' title='bbox 738 1684 928 1718; x_wconf 82' lang='lat' dir='ltr'><em>terrena</em></span> <span class='ocrx_word' id='word_1_147' title='bbox 964 1678 1179 1732; x_wconf 73' lang='lat' dir='ltr'><em>possessio</em></span> <span class='ocrx_word' id='word_1_148' title='bbox 1219 1682 1308 1724; x_wconf 90' lang='lat' dir='ltr'><em>est,</em></span> <span class='ocrx_word' id='word_1_149' title='bbox 1352 1673 1418 1716; x_wconf 83' lang='lat' dir='ltr'><em>ud</em></span> <span class='ocrx_word' id='word_1_150' title='bbox 1442 1688 1516 1716; x_wconf 89' lang='lat' dir='ltr'><em>sa-</em></span> 
     </span>
     <span class='ocr_line' id='line_1_21' title="bbox 98 1745 1519 1803; baseline -0.002 -14"><span class='ocrx_word' id='word_1_151' title='bbox 98 1747 303 1791; x_wconf 84' lang='lat' dir='ltr'><em>cerdotes</em></span> <span class='ocrx_word' id='word_1_152' title='bbox 342 1750 555 1803; x_wconf 78' lang='lat' dir='ltr'><em>Domini,</em></span> <span class='ocrx_word' id='word_1_153' title='bbox 597 1745 754 1803; x_wconf 76' lang='lat' dir='ltr'><em>quibus</em></span> <span class='ocrx_word' id='word_1_154' title='bbox 793 1750 841 1788; x_wconf 82' lang='lat' dir='ltr'><em>in</em></span> <span class='ocrx_word' id='word_1_155' title='bbox 883 1755 1015 1788; x_wconf 81' lang='lat' dir='ltr'><em>terra</em></span> <span class='ocrx_word' id='word_1_156' title='bbox 1047 1757 1161 1801; x_wconf 77' lang='lat' dir='ltr'><em>pars</em></span> <span class='ocrx_word' id='word_1_157' title='bbox 1192 1757 1280 1785; x_wconf 84' lang='lat' dir='ltr'><em>non</em></span> <span class='ocrx_word' id='word_1_158' title='bbox 1311 1752 1392 1796; x_wconf 87' lang='lat' dir='ltr'><em>est,</em></span> <span class='ocrx_word' id='word_1_159' title='bbox 1424 1748 1519 1800; x_wconf 82' lang='lat' dir='ltr'><em>qui-</em></span> 
     </span>
     <span class='ocr_line' id='line_1_22' title="bbox 100 1815 1517 1875; baseline -0.001 -16"><span class='ocrx_word' id='word_1_160' title='bbox 100 1816 180 1860; x_wconf 84' lang='lat' dir='ltr'><em>bus</em></span> <span class='ocrx_word' id='word_1_161' title='bbox 202 1821 358 1875; x_wconf 78' lang='lat' dir='ltr'><em>portio</em></span> <span class='ocrx_word' id='word_1_162' title='bbox 391 1819 615 1860; x_wconf 88' lang='lat' dir='ltr'><em>Dominus</em></span> <span class='ocrx_word' id='word_1_163' title='bbox 654 1825 736 1859; x_wconf 88' lang='lat' dir='ltr'><em>est.</em></span> <span class='ocrx_word' id='word_1_164' title='bbox 802 1818 958 1858; x_wconf 70' lang='lat' dir='ltr'><em>Euscb.</em></span> <span class='ocrx_word' id='word_1_165' title='bbox 1000 1817 1107 1856; x_wconf 79' lang='lat' dir='ltr'><em>Hist.</em></span> <span class='ocrx_word' id='word_1_166' title='bbox 1150 1815 1296 1856; x_wconf 79' lang='lat' dir='ltr'><em>eccles.</em></span> <span class='ocrx_word' id='word_1_167' title='bbox 1339 1815 1412 1856; x_wconf 84' lang='lat' dir='ltr'><em>lib.</em></span> <span class='ocrx_word' id='word_1_168' title='bbox 1444 1817 1517 1857; x_wconf 87' lang='lat' dir='ltr'><em>VI.</em></span> 
     </span>
     <span class='ocr_line' id='line_1_23' title="bbox 98 1884 1518 1944; baseline -0.001 -16"><span class='ocrx_word' id='word_1_169' title='bbox 98 1904 189 1943; x_wconf 81' lang='lat' dir='ltr'><em>cap.</em></span> <span class='ocrx_word' id='word_1_170' title='bbox 220 1888 258 1931; x_wconf 87' lang='grc'><em>3.</em></span> <span class='ocrx_word' id='word_1_171' title='bbox 298 1887 465 1930; x_wconf 85' lang='lat' dir='ltr'><em>Multos</em></span> <span class='ocrx_word' id='word_1_172' title='bbox 503 1891 613 1930; x_wconf 86' lang='lat' dir='ltr'><em>item</em></span> <span class='ocrx_word' id='word_1_173' title='bbox 646 1900 735 1944; x_wconf 84' lang='lat' dir='ltr'><em>per</em></span> <span class='ocrx_word' id='word_1_174' title='bbox 773 1901 918 1928; x_wconf 83' lang='lat' dir='ltr'><em>annos</em></span> <span class='ocrx_word' id='word_1_175' title='bbox 955 1885 1088 1927; x_wconf 84' lang='lat' dir='ltr'><em>nudis</em></span> <span class='ocrx_word' id='word_1_176' title='bbox 1126 1888 1329 1941; x_wconf 63' lang='lat' dir='ltr'><em>vestigiis</em></span> <span class='ocrx_word' id='word_1_177' title='bbox 1360 1884 1518 1927; x_wconf 85' lang='lat' dir='ltr'><em>ambu-</em></span> 
     </span>
     <span class='ocr_line' id='line_1_24' title="bbox 101 1956 1520 2013; baseline -0.001 -13"><span class='ocrx_word' id='word_1_178' title='bbox 101 1958 217 2000; x_wconf 85' lang='lat' dir='ltr'><em>lasse</em></span> <span class='ocrx_word' id='word_1_179' title='bbox 250 1956 442 2008; x_wconf 82' lang='lat' dir='ltr'><em>dicitur,</em></span> <span class='ocrx_word' id='word_1_180' title='bbox 490 1959 615 1999; x_wconf 82' lang='lat' dir='ltr'><em>nullo</em></span> <span class='ocrx_word' id='word_1_181' title='bbox 648 1961 833 2013; x_wconf 85' lang='lat' dir='ltr'><em>penitus</em></span> <span class='ocrx_word' id='word_1_182' title='bbox 874 1958 1183 1999; x_wconf 86' lang='lat' dir='ltr'><em>calceamento</em></span> <span class='ocrx_word' id='word_1_183' title='bbox 1223 1969 1342 1997; x_wconf 81' lang='lat' dir='ltr'><em>usus.</em></span> <span class='ocrx_word' id='word_1_184' title='bbox 1412 1958 1520 2000; x_wconf 68' lang='lat' dir='ltr'><em>l&#39;ino</em></span> 
     </span>
     <span class='ocr_line' id='line_1_25' title="bbox 99 2025 1521 2084; baseline -0.001 -16"><span class='ocrx_word' id='word_1_185' title='bbox 99 2041 280 2084; x_wconf 84' lang='lat' dir='ltr'><em>quoque,</em></span> <span class='ocrx_word' id='word_1_186' title='bbox 311 2028 505 2069; x_wconf 84' lang='lat' dir='ltr'><em>omnibus</em></span> <span class='ocrx_word' id='word_1_187' title='bbox 537 2028 749 2079; x_wconf 77' lang='lat' dir='ltr'><em>animatis,</em></span> <span class='ocrx_word' id='word_1_188' title='bbox 790 2037 835 2070; x_wconf 90' lang='lat' dir='ltr'><em>et</em></span> <span class='ocrx_word' id='word_1_189' title='bbox 869 2029 973 2070; x_wconf 87' lang='lat' dir='ltr'><em>aliis</em></span> <span class='ocrx_word' id='word_1_190' title='bbox 1003 2025 1160 2078; x_wconf 87' lang='lat' dir='ltr'><em>rebus,</em></span> <span class='ocrx_word' id='word_1_191' title='bbox 1202 2039 1317 2081; x_wconf 82' lang='lat' dir='ltr'><em>quae</em></span> <span class='ocrx_word' id='word_1_192' title='bbox 1359 2025 1424 2068; x_wconf 85' lang='lat' dir='ltr'><em>ad</em></span> <span class='ocrx_word' id='word_1_193' title='bbox 1457 2031 1521 2070; x_wconf 80' lang='lat' dir='ltr'><em>vi-</em></span> 
     </span>
     <span class='ocr_line' id='line_1_26' title="bbox 102 2094 1521 2152; baseline 0 -12"><span class='ocrx_word' id='word_1_194' title='bbox 102 2106 225 2140; x_wconf 87' lang='lat' dir='ltr'><em>ctum</em></span> <span class='ocrx_word' id='word_1_195' title='bbox 256 2102 404 2140; x_wconf 82' lang='lat' dir='ltr'><em>minus</em></span> <span class='ocrx_word' id='word_1_196' title='bbox 434 2102 723 2141; x_wconf 77' lang='lat' dir='ltr'><em>necessariae</em></span> <span class='ocrx_word' id='word_1_197' title='bbox 751 2107 872 2151; x_wconf 85' lang='lat' dir='ltr'><em>sunt,</em></span> <span class='ocrx_word' id='word_1_198' title='bbox 905 2098 1156 2141; x_wconf 78' lang='lat' dir='ltr'><em>diutissime</em></span> <span class='ocrx_word' id='word_1_199' title='bbox 1179 2094 1419 2152; x_wconf 70' lang='lat' dir='ltr'><em>abstinuit,</em></span> <span class='ocrx_word' id='word_1_200' title='bbox 1451 2112 1521 2141; x_wconf 80' lang='lat' dir='ltr'><em>us-</em></span> 
     </span>
     <span class='ocr_line' id='line_1_27' title="bbox 100 2167 1523 2226; baseline 0.001 -16"><span class='ocrx_word' id='word_1_201' title='bbox 100 2183 182 2226; x_wconf 84' lang='lat' dir='ltr'><em>que</em></span> <span class='ocrx_word' id='word_1_202' title='bbox 213 2167 350 2222; x_wconf 89' lang='lat' dir='ltr'><em>adeo,</em></span> <span class='ocrx_word' id='word_1_203' title='bbox 387 2177 441 2212; x_wconf 84' lang='lat' dir='ltr'><em>ut</em></span> <span class='ocrx_word' id='word_1_204' title='bbox 474 2178 634 2226; x_wconf 82' lang='lat' dir='ltr'><em>pectus</em></span> <span class='ocrx_word' id='word_1_205' title='bbox 676 2172 813 2226; x_wconf 86' lang='lat' dir='ltr'><em>ipsius</em></span> <span class='ocrx_word' id='word_1_206' title='bbox 843 2173 889 2211; x_wconf 85' lang='lat' dir='ltr'><em>in</em></span> <span class='ocrx_word' id='word_1_207' title='bbox 917 2171 1244 2226; x_wconf 73' lang='lat' dir='ltr'><em>gravissimum</em></span> <span class='ocrx_word' id='word_1_208' title='bbox 1272 2171 1523 2212; x_wconf 74' lang='lat' dir='ltr'><em>subversio-</em></span> 
     </span>
     <span class='ocr_line' id='line_1_28' title="bbox 104 2239 1523 2296; baseline 0.003 -17"><span class='ocrx_word' id='word_1_209' title='bbox 104 2243 171 2281; x_wconf 72' lang='lat' dir='ltr'><em>nis</em></span> <span class='ocrx_word' id='word_1_210' title='bbox 204 2239 407 2296; x_wconf 83' lang='lat' dir='ltr'><em>lahisque</em></span> <span class='ocrx_word' id='word_1_211' title='bbox 438 2239 681 2282; x_wconf 84' lang='lat' dir='ltr'><em>discrimen</em></span> <span class='ocrx_word' id='word_1_212' title='bbox 713 2239 951 2283; x_wconf 83' lang='lat' dir='ltr'><em>incideret.</em></span> <span class='ocrx_word' id='word_1_213' title='bbox 1012 2239 1260 2295; x_wconf 76' lang='lat' dir='ltr'><em>Discipulos</em></span> <span class='ocrx_word' id='word_1_214' title='bbox 1302 2242 1354 2281; x_wconf 80' lang='lat' dir='ltr'><em>ad</em></span> <span class='ocrx_word' id='word_1_215' title='bbox 1395 2241 1523 2283; x_wconf 74' lang='lat' dir='ltr'><em>virtu-</em></span> 
     </span>
     <span class='ocr_line' id='line_1_29' title="bbox 101 2310 1522 2368; baseline 0.002 -16"><span class='ocrx_word' id='word_1_216' title='bbox 101 2322 188 2352; x_wconf 84' lang='lat' dir='ltr'><em>tem</em></span> <span class='ocrx_word' id='word_1_217' title='bbox 220 2311 419 2367; x_wconf 78' lang='lat' dir='ltr'><em>operibus</em></span> <span class='ocrx_word' id='word_1_218' title='bbox 452 2312 605 2364; x_wconf 80' lang='lat' dir='ltr'><em>magis,</em></span> <span class='ocrx_word' id='word_1_219' title='bbox 653 2328 776 2367; x_wconf 78' lang='lat' dir='ltr'><em>quam</em></span> <span class='ocrx_word' id='word_1_220' title='bbox 807 2310 945 2350; x_wconf 74' lang='lat' dir='ltr'><em>verbis</em></span> <span class='ocrx_word' id='word_1_221' title='bbox 975 2310 1199 2361; x_wconf 77' lang='lat' dir='ltr'><em>incitabat,</em></span> <span class='ocrx_word' id='word_1_222' title='bbox 1238 2312 1449 2368; x_wconf 79' lang='lat' dir='ltr'><em>talemque</em></span> <span class='ocrx_word' id='word_1_223' title='bbox 1481 2331 1522 2355; x_wconf 84' lang='lat' dir='ltr'><em>se</em></span> 
     </span>
     <span class='ocr_line' id='line_1_30' title="bbox 103 2381 1524 2438; baseline 0.002 -16"><span class='ocrx_word' id='word_1_224' title='bbox 103 2381 241 2438; x_wconf 78' lang='lat' dir='ltr'><em>ipsum</em></span> <span class='ocrx_word' id='word_1_225' title='bbox 271 2383 473 2438; x_wconf 84' lang='lat' dir='ltr'><em>praebere</em></span> <span class='ocrx_word' id='word_1_226' title='bbox 506 2383 754 2431; x_wconf 70' lang='lat' dir='ltr'><em>conabatur,</em></span> <span class='ocrx_word' id='word_1_227' title='bbox 791 2381 960 2437; x_wconf 78' lang='lat' dir='ltr'><em>qualem</em></span> <span class='ocrx_word' id='word_1_228' title='bbox 991 2381 1128 2422; x_wconf 74' lang='lat' dir='ltr'><em>verbis</em></span> <span class='ocrx_word' id='word_1_229' title='bbox 1160 2398 1277 2432; x_wconf 82' lang='lat' dir='ltr'><em>eum,</em></span> <span class='ocrx_word' id='word_1_230' title='bbox 1311 2383 1381 2438; x_wconf 90' lang='lat' dir='ltr'><em>qui</em></span> <span class='ocrx_word' id='word_1_231' title='bbox 1411 2396 1524 2425; x_wconf 80' lang='lat' dir='ltr'><em>recte</em></span> 
     </span>
     <span class='ocr_line' id='line_1_31' title="bbox 105 2451 1523 2508; baseline 0.002 -17"><span class='ocrx_word' id='word_1_232' title='bbox 105 2453 290 2493; x_wconf 78' lang='lat' dir='ltr'><em>victurus</em></span> <span class='ocrx_word' id='word_1_233' title='bbox 318 2453 383 2503; x_wconf 74' lang='lat' dir='ltr'><em>sit,</em></span> <span class='ocrx_word' id='word_1_234' title='bbox 415 2451 704 2501; x_wconf 74' lang='lat' dir='ltr'><em>describebat,</em></span> <span class='ocrx_word' id='word_1_235' title='bbox 746 2453 988 2507; x_wconf 49' lang='lat' dir='ltr'><em>exo-&#39;inpium</em></span> <span class='ocrx_word' id='word_1_236' title='bbox 1028 2468 1274 2508; x_wconf 80' lang='lat' dir='ltr'><em>proponens</em></span> <span class='ocrx_word' id='word_1_237' title='bbox 1313 2453 1523 2508; x_wconf 79' lang='lat' dir='ltr'><em>sapientis.</em></span> 
     </span>
     <span class='ocr_line' id='line_1_32' title="bbox 105 2521 1525 2580; baseline 0 -17"><span class='ocrx_word' id='word_1_238' title='bbox 105 2522 268 2564; x_wconf 77' lang='lat' dir='ltr'><em>Eximia</em></span> <span class='ocrx_word' id='word_1_239' title='bbox 298 2521 384 2580; x_wconf 80' lang='lat' dir='ltr'><em>ejus</em></span> <span class='ocrx_word' id='word_1_240' title='bbox 417 2534 504 2562; x_wconf 84' lang='lat' dir='ltr'><em>erat</em></span> <span class='ocrx_word' id='word_1_241' title='bbox 533 2522 749 2571; x_wconf 78' lang='lat' dir='ltr'><em>sanctitas,</em></span> <span class='ocrx_word' id='word_1_242' title='bbox 794 2534 897 2564; x_wconf 84' lang='lat' dir='ltr'><em>teste</em></span> <span class='ocrx_word' id='word_1_243' title='bbox 928 2523 1022 2579; x_wconf 85' lang='lat' dir='ltr'><em>ipso</em></span> <span class='ocrx_word' id='word_1_244' title='bbox 1054 2522 1318 2578; x_wconf 77' lang='lat' dir='ltr'><em>Epiphanio,</em></span> <span class='ocrx_word' id='word_1_245' title='bbox 1357 2524 1525 2565; x_wconf 78' lang='lat' dir='ltr'><em>Haeres.</em></span> 
     </span>
     <span class='ocr_line' id='line_1_33' title="bbox 104 2591 1527 2648; baseline 0 -13"><span class='ocrx_word' id='word_1_246' title='bbox 104 2593 171 2636; x_wconf 74' lang='lat'><em>(34.</em></span> <span class='ocrx_word' id='word_1_247' title='bbox 199 2610 241 2648; x_wconf 88' lang='lat' dir='ltr'><em>p.</em></span> <span class='ocrx_word' id='word_1_248' title='bbox 263 2592 359 2635; x_wconf 83' lang='lat'>525.</span> <span class='ocrx_word' id='word_1_249' title='bbox 388 2593 594 2634; x_wconf 81' lang='lat' dir='ltr'><em>Eusebius</em></span> <span class='ocrx_word' id='word_1_250' title='bbox 619 2605 833 2648; x_wconf 79' lang='lat' dir='ltr'><em>praeterea</em></span> <span class='ocrx_word' id='word_1_251' title='bbox 864 2594 940 2635; x_wconf 79' lang='lat' dir='ltr'><em>ait:</em></span> <span class='ocrx_word' id='word_1_252' title='bbox 974 2591 1247 2645; x_wconf 78' lang='lat' dir='ltr'><em>Quotidiani</em></span> <span class='ocrx_word' id='word_1_253' title='bbox 1263 2595 1359 2646; x_wconf 80' lang='lat' dir='ltr'><em>ejus</em></span> <span class='ocrx_word' id='word_1_254' title='bbox 1381 2602 1527 2643; x_wconf 82' lang='lat' dir='ltr'><em>actus,</em></span> 
     </span>
     <span class='ocr_line' id='line_1_34' title="bbox 108 2661 1526 2720; baseline 0 -16"><span class='ocrx_word' id='word_1_255' title='bbox 108 2665 367 2705; x_wconf 81' lang='lat' dir='ltr'><em>verissimae</em></span> <span class='ocrx_word' id='word_1_256' title='bbox 394 2661 634 2718; x_wconf 82' lang='lat' dir='ltr'><em>cujusdam</em></span> <span class='ocrx_word' id='word_1_257' title='bbox 659 2662 972 2720; x_wconf 74' lang='lat' dir='ltr'><em>philosophiae</em></span> <span class='ocrx_word' id='word_1_258' title='bbox 1003 2671 1047 2705; x_wconf 90' lang='lat' dir='ltr'><em>et</em></span> <span class='ocrx_word' id='word_1_259' title='bbox 1079 2661 1367 2706; x_wconf 73' lang='lat' dir='ltr'><em>admirabiles</em></span> <span class='ocrx_word' id='word_1_260' title='bbox 1397 2662 1526 2705; x_wconf 89' lang='lat' dir='ltr'><em>disci-</em></span> 
     </span>
     <span class='ocr_line' id='line_1_35' title="bbox 109 2732 1569 2791; baseline 0.001 -19"><span class='ocrx_word' id='word_1_261' title='bbox 109 2732 267 2789; x_wconf 84' lang='lat' dir='ltr'><em>plinae</em></span> <span class='ocrx_word' id='word_1_262' title='bbox 313 2733 653 2776; x_wconf 83' lang='lat' dir='ltr'><em>absolutissima</em></span> <span class='ocrx_word' id='word_1_263' title='bbox 703 2748 842 2791; x_wconf 88' lang='lat' dir='ltr'><em>opera</em></span> <span class='ocrx_word' id='word_1_264' title='bbox 890 2732 1178 2777; x_wconf 69' lang='lat' dir='ltr'><em>ridebantur.</em></span> <span class='ocrx_word' id='word_1_265' title='bbox 1254 2734 1427 2788; x_wconf 81' lang='lat' dir='ltr'><em>Atque,</em></span> <span class='ocrx_word' id='word_1_266' title='bbox 1478 2738 1528 2773; x_wconf 82' lang='lat' dir='ltr'><em>ut</em></span> <span class='ocrx_word' id='word_1_267' title='bbox 1566 2756 1569 2759; x_wconf 61' lang='lat'>&lt;</span> 
     </span>
     <span class='ocr_line' id='line_1_36' title="bbox 111 2800 1528 2860; baseline -0.001 -15"><span class='ocrx_word' id='word_1_268' title='bbox 111 2802 248 2858; x_wconf 79' lang='lat' dir='ltr'><em>vulgo</em></span> <span class='ocrx_word' id='word_1_269' title='bbox 288 2800 479 2858; x_wconf 79' lang='lat' dir='ltr'><em>dicitur,</em></span> <span class='ocrx_word' id='word_1_270' title='bbox 521 2805 667 2860; x_wconf 85' lang='lat' dir='ltr'><em>qualis</em></span> <span class='ocrx_word' id='word_1_271' title='bbox 707 2807 884 2858; x_wconf 79' lang='lat' dir='ltr'><em>oratio,</em></span> <span class='ocrx_word' id='word_1_272' title='bbox 935 2804 1043 2847; x_wconf 85' lang='lat' dir='ltr'><em>talis</em></span> <span class='ocrx_word' id='word_1_273' title='bbox 1081 2806 1179 2860; x_wconf 73' lang='lat' dir='ltr'><em>ejzis</em></span> <span class='ocrx_word' id='word_1_274' title='bbox 1215 2806 1335 2845; x_wconf 66' lang='lat' dir='ltr'><em>rita:</em></span> <span class='ocrx_word' id='word_1_275' title='bbox 1384 2802 1528 2858; x_wconf 84' lang='lat' dir='ltr'><em>qualis</em></span> 
     </span>
     <span class='ocr_line' id='line_1_37' title="bbox 113 2871 1528 2931; baseline -0.002 -18"><span class='ocrx_word' id='word_1_276' title='bbox 113 2873 223 2924; x_wconf 78' lang='lat' dir='ltr'><em>rita,</em></span> <span class='ocrx_word' id='word_1_277' title='bbox 254 2871 362 2914; x_wconf 86' lang='lat' dir='ltr'><em>talis</em></span> <span class='ocrx_word' id='word_1_278' title='bbox 392 2876 542 2916; x_wconf 86' lang='lat' dir='ltr'><em>oratio</em></span> <span class='ocrx_word' id='word_1_279' title='bbox 582 2876 678 2931; x_wconf 80' lang='lat' dir='ltr'><em>cJ&#39;us</em></span> <span class='ocrx_word' id='word_1_280' title='bbox 703 2875 822 2930; x_wconf 76' lang='lat' dir='ltr'><em>fzcit.</em></span> <span class='ocrx_word' id='word_1_281' title='bbox 894 2875 950 2915; x_wconf 82' lang='lat' dir='ltr'><em>Et</em></span> <span class='ocrx_word' id='word_1_282' title='bbox 987 2875 1116 2930; x_wconf 79' lang='lat' dir='ltr'><em>paulo</em></span> <span class='ocrx_word' id='word_1_283' title='bbox 1158 2885 1254 2929; x_wconf 81' lang='lat' dir='ltr'><em>post</em></span> <span class='ocrx_word' id='word_1_284' title='bbox 1294 2872 1406 2913; x_wconf 77' lang='lat' dir='ltr'><em>idem</em></span> <span class='ocrx_word' id='word_1_285' title='bbox 1443 2871 1528 2912; x_wconf 83' lang='lat' dir='ltr'><em>Eu-</em></span> 
     </span>
    </p>
   </div>
  </div>
 </body>
</html>
