1759 3125
478 76 875 116 ORIGEMANORUM
906 72 1048 112 Lmi-:R
1079 72 1132 112 ΙΙ.
1414 74 1497 118 307

76 185 140 225 los
172 197 212 225 et
254 186 408 226 animas
449 184 522 224 ille
563 182 809 223 autumarit:
862 193 902 222 at
940 198 1019 238 pro
1061 183 1244 233 meritis,
1299 186 1494 236 gradihus

70 261 198 302 fuisse
230 260 402 302 diversis
435 260 710 310 constitutos,
751 271 792 300 et
832 258 944 299 varia
985 259 1138 300 obiisse
1180 259 1345 309 officia,
1388 278 1494 317 quae

70 349 206 378 tamen
239 338 415 377 subinde
456 352 535 391 pro
567 336 818 376 meritorum
861 336 1023 377 ratione
1063 348 1382 392 permutentur,
1425 340 1493 379 vel

67 415 186 455 altius
228 414 547 463 adscendendo,
595 413 664 453 vel
703 415 756 454 ad
800 413 1002 454 inferiora
1040 414 1328 470 prolabendo:
1367 426 1491 470 atque

64 490 183 547 hujus
214 490 510 531 vicissitudinis
542 491 693 542 gradus
726 507 813 531 esse
845 491 1117 543 angelorum,
1157 491 1403 542 hominum,
1442 509 1490 533 ac

33 564 318 607 ‘daemonum
358 579 562 609 naturam.
630 568 915 626 Hieronymus
964 583 1065 607 vero
1107 567 1355 619 angelorum
1395 568 1487 624 qui-

62 645 157 684 dem
189 656 381 685 naturam
412 646 464 685 ab
496 645 677 685 humana
706 644 899 695 secrevit,
929 644 1003 685 sed
1036 643 1174 684 varios
1205 643 1303 684 illos
1337 646 1486 697 gradus

59 732 100 761 et
132 721 300 762 ordines
343 722 497 774 angelis
535 738 615 778 pro
656 722 882 762 virtutibus
913 733 954 762 et
981 721 1142 762 meritis
1172 721 1230 762 ita
1260 721 1486 774 assignatos

58 798 320 848 existimavit,
351 810 397 839 ut
428 799 479 839 ad
511 798 731 854 superiora
763 799 992 839 etiamnum
1022 798 1261 854 adspirent,
1304 809 1345 839 et
1374 799 1483 839 bene

56 876 216 927 agendo
251 875 518 931 perveniant,
557 876 625 916 vel
664 877 774 917 male
813 878 975 929 agendo
1017 877 1070 918 ad
1099 875 1302 916 inferiora
1335 876 1482 918 devol-

57 965 229 1003 vantur,
263 965 304 993 et
336 954 430 1004 alii,
462 953 618 1009 aliique
650 954 717 994 vel
747 955 964 1010 potestati,
995 955 1063 995 vel
1095 953 1354 1010 principatui
1383 956 1482 995 sub-

54 1029 272 1087 jiciantur,
311 1031 556 1087 futurasque
599 1031 725 1071 etiam
763 1030 1010 1088 hujusmodi
1054 1030 1388 1087 permutationes
1432 1031 1475 1072 in

52 1119 281 1157 aeternum,
311 1109 385 1148 sed
415 1108 522 1149 intra
551 1119 724 1149 naturae
755 1107 968 1160 angelicae
1000 1109 1115 1148 fines.

163 1185 348 1237 Angelos
379 1201 499 1238 aegre
531 1185 727 1241 quidem,
758 1187 831 1226 sed
861 1202 1038 1241 peccare
1069 1197 1210 1226 tamen
1241 1201 1366 1241 posse
1397 1186 1476 1228 sci-

51 1261 128 1303 scit
156 1261 338 1303 Basilius
370 1262 533 1304 Homil.
566 1261 609 1303 in
639 1263 794 1304 Psalm.
827 1263 895 1307 32.
955 1267 1329 1321 Λυςμεταθέτους
1358 1259 1475 1308 εἶναι

51 1337 164 1396 πρὸς
193 1344 371 1393 κακίαν,
405 1338 455 1382 τὸ
486 1337 691 1396 μόνιμον
710 1345 771 1390 εἰς
790 1339 960 1397 ἀρετὴν
981 1344 1031 1400 τῇ
1054 1342 1204 1399 δωρεᾷ
1228 1344 1307 1385 τοῦ
1338 1339 1473 1398 ἁγίου

50 1414 309 1472 πνεύματος
351 1417 551 1472 ἔχοντας.
610 1417 820 1458 Maximus
858 1417 902 1458 in
949 1434 1036 1474 cap.
1071 1418 1136 1461 11.
1195 1418 1394 1476 Dionysii
1423 1421 1476 1461 de

50 1493 221 1534 coelest.
251 1493 485 1544 Hierarch„
518 1495 635 1550 quod
665 1495 820 1547 gratiae
852 1495 1017 1537 divinae
1046 1507 1270 1552 acceptum
1292 1508 1381 1537 erat
1409 1513 1474 1538 re-

48 1571 284 1621 ferendum,
314 1572 367 1611 ad
397 1572 646 1624 angelorum
677 1573 901 1625 affectum,
946 1585 986 1614 et
1018 1585 1311 1629 comparatum
1343 1590 1473 1629 quen-

49 1649 143 1688 dam
174 1648 364 1689 habitum
393 1648 554 1699 retulit,
586 1650 702 1705 quod
731 1650 856 1706 plane
889 1649 1191 1703 Origenianum
1215 1661 1295 1692 est:
1315 1646 1474 1695 ''Eo‘uV

49 1718 155 1780 οὖν,
196 1725 356 1781 inquit,
396 1723 746 1784 ἐπιχειρήσαντα
778 1731 924 1771 εἰπεῖν
955 1727 1169 1783 εὐσεβῶς,
1215 1725 1281 1770 ὅτι
1313 1725 1335 1771 ὁ
1366 1727 1474 1778 θεὸς

46 1800 268 1860 προειδώς
299 1801 448 1847 αὐτῶν
477 1801 561 1856 τὴν
597 1806 677 1857 τῆς
706 1805 904 1861 ἐφέσεως
933 1808 1135 1859 κίνησιν,
1169 1806 1247 1848 καὶ
1275 1803 1353 1854 τὰς
1383 1806 1470 1850 αὐ-

45 1882 136 1923 τῶν
164 1879 307 1930 τάξεις
337 1879 463 1930 ἀξίας
493 1880 643 1924 αὐτῶν
672 1880 957 1938 παρήγαγεν.
1005 1880 1080 1930 Ἐξ
1110 1872 1175 1924 ὧν
1197 1881 1280 1925 οὐκ
1310 1878 1368 1926 ἂν
1398 1887 1467 1927 εἴ-

44 1975 125 2002 ποι
155 1975 219 2007 τις
259 1956 397 2006 αὐτὰς
436 1956 666 2002 δύνασθαι
706 1958 937 2013 ἐκπεσεῖν,
985 1956 1062 2000 Sto}
1112 1959 1195 2012 τὴν
1235 1959 1328 2009 ἕξιν
1365 1963 1466 2004 τινὰ
1506 2003 1515 2011 ,

45 2035 298 2090 κτήσασθαι
337 2033 453 2094 πρὸς
490 2035 539 2080 τὸ
576 2035 786 2093 ἀγαθὸν,
831 2034 908 2079 διὰ
947 2039 1023 2090 τῆς
1060 2032 1188 2093 οἴγειν
1215 2035 1462 2092 θελήσεως·

42 2113 145 2163 τοὺς
175 2115 224 2157 δὲ
256 2111 491 2170 ἀγγέλους,
525 2118 722 2157 τουτέστι
752 2111 856 2163 τούς
883 2116 1164 2163 τελευταίους
1185 2112 1466 2173 ὃιακόσμους

45 2192 310 2248 ἐνδέχεσθαι
341 2195 471 2246 ἴσως,
517 2193 595 2234 καὶ
637 2191 714 2234 ἐπὶ
752 2189 802 2234 τὸ
826 2196 988 2248 χεῖρον
1016 2192 1256 2250 τραπῆναι.
1315 2190 1465 2238 Εἶπεν

42 2269 202 2317 αὐτοὺς
230 2267 319 2328 γὰρ
348 2272 703 2329 περικοσμίους·
747 2269 794 2319 ἒξ
823 2260 888 2312 ὧν
920 2264 1048 2324 οἶμαι
1082 2271 1160 2312 καὶ
1189 2268 1270 2314 τὸν
1298 2268 1462 2326 διάβο-

42 2346 122 2390 λόν
150 2362 260 2390 ποτε
291 2343 429 2401 εἶναι,
470 2344 561 2403 πρὸ
593 2348 672 2390 τοῦ
703 2344 768 2403 μὴ
807 2345 1031 2390 ἐκπεσεῖν.
1093 2345 1215 2400 Quae
1247 2363 1268 2387 e
1300 2347 1463 2401 Grego-

40 2424 104 2464 rio
135 2423 397 2465 Nazianzeno
429 2424 569 2480 aliqua
610 2440 657 2465 ex
694 2435 814 2480 parte
844 2423 1052 2464 Maximus
1083 2423 1251 2465 videtur
1280 2435 1460 2466 transtu-

43 2501 159 2542 lisse:
194 2502 228 2542 is
270 2501 382 2542 enim
422 2518 518 2542 cum
547 2501 667 2552 alibi,
705 2513 796 2542 tum
839 2500 957 2546 Orat.
996 2499 1064 2544 38.
1099 2498 1163 2557 μῆ
1205 2499 1457 2559 ἀκινήτους,

39 2576 153 2620 ἀλλὰ
184 2577 472 2632 δυςκινῆτους
501 2579 670 2630 angelos
703 2595 790 2620 esse
821 2577 934 2628 vult,
980 2578 1097 2634 quod
1135 2594 1158 2619 a
1194 2578 1291 2619 Deo
1334 2580 1455 2620 valde

42 2656 96 2695 ob
115 2655 476 2712 propinquitatem
504 2656 789 2697 illustrentur:
820 2656 922 2696 haec
944 2644 1084 2695 au'tem
1104 2654 1318 2706 inferiora,
1351 2673 1456 2712 quae

39 2731 222 2786 peccatis
254 2733 433 2774 obnoxia
462 2744 577 2783 sunt,
615 2732 860 2774 secundaria
897 2744 1059 2773 tantum
1100 2734 1195 2774 luce
1234 2733 1329 2774 frui.
1389 2733 1455 2774 Si-

40 2807 140 2848 mile
172 2820 232 2849 est
263 2809 371 2851 illud
401 2809 585 2852 Nemesii
626 2810 718 2853 libr.
761 2812 812 2853 de
850 2822 996 2854 natura
1025 2809 1232 2860 hominis,
1265 2825 1355 2865 cap.
1385 2809 1450 2853 41.

994 2886 1086 2930 20*
