1759 3125
498 66 886 106 ORJGENIANORUM
916 63 1058 102 LfflER
1088 64 1141 102 11.
1428 66 1511 108 219

107 179 314 226 Verbum,
359 175 481 215 aliter
525 176 569 216 in
610 173 800 224 Christo;
842 171 929 212 illis
969 172 1081 213 enim
1124 189 1203 228 per
1233 174 1440 229 σχετικήν
1470 189 1512 218 et

103 255 305 296 moralem
338 250 695 308 conjunctionem,
726 249 894 291 Christo
920 262 1007 305 per
1036 251 1387 292 immaculatam
1404 252 1512 306 foe-

102 330 387 373 derationem
418 340 459 369 et
494 328 799 386 hypostaticam
838 326 1092 367 adhaesisse:
1132 343 1179 368 ac
1215 344 1292 368 nos
1329 328 1512 383 proinde

101 410 135 449 si
163 408 416 458 singularem
446 404 608 446 animae
628 405 782 447 Christi
810 405 1005 444 adversus
1020 405 1162 445 Deum
1192 422 1394 456 amorem,
1426 423 1510 462 quo

99 485 242 525 Deum
276 484 319 523 in
349 499 393 523 se
423 483 612 538 recipere
643 483 792 523 merita
824 494 906 532 est,
946 481 1188 532 imitemur,
1221 482 1375 523 Christi
1405 500 1512 539 quo—

98 577 178 617 que
207 577 286 616 pro
317 572 404 601 rata
445 561 647 601 effectum
684 560 737 600 iri
778 559 1018 615 participes.
1079 558 1244 613 Quibus
1283 561 1513 603 asserendis

95 639 172 678 hac
201 637 377 678 Davidis
406 637 700 678 testificatione
734 637 866 677 utitur
897 653 918 677 e
948 637 1101 678 Psalm.
1127 636 1256 686 XLV,
1288 637 1325 680 7.
1384 638 1513 680 Dile-

95 717 215 758 :vz'stz'
227 716 486 771 justitiam,
517 720 564 755 et
593 711 731 754 odisti
757 716 1070 769 iniquitatem:
1094 719 1343 770 propterea
1371 718 1513 758 unxit

95 797 143 833 te
182 791 330 841 Deus,
369 791 495 834 Deus
530 797 635 832 tuns
672 791 765 832 oleo
811 791 1024 832 laetitiae
1063 803 1183 846 prae
1229 795 1512 841 consortibus

98 872 201 912 tuis,
261 870 417 910 Totam
446 884 578 923 porro
609 867 731 907 istam
762 867 955 920 Origenis
992 868 1329 910 dissertationem
1358 869 1509 910 iisdem

96 947 412 1002 propemodum
439 945 664 1000 repetitam
694 945 830 985 verbis
859 946 1043 1001 reperias
1072 944 1116 986 in
1130 958 1349 1002 postremo
1373 946 1510 1002 capite

96 1023 233 1064 libelli
268 1024 320 1063 de
349 1022 521 1063 Deitate
562 1033 603 1062 et
633 1022 925 1063 incarnatione
964 1023 1118 1074 Verbi,
1162 1024 1214 1064 ad
1241 1024 1509 1078 Januarium;

96 1100 170 1157 qui
209 1100 379 1141 libellus
419 1098 682 1151 Origenianis
727 1100 969 1152 fragmentis
1018 1101 1107 1140 fere
1152 1112 1333 1151 constat,
1378 1113 1420 1143 et
1459 1104 1512 1144 ad

99 1178 258 1218 calcem
289 1177 428 1233 quarti
459 1178 588 1218 Tomi
615 1177 840 1230 Augustini
869 1176 1038 1233 adjungi
1067 1177 1189 1219 solet.
1233 1182 1375 1235 Atque
1404 1180 1511 1222 hanc

98 1255 354 1310 doctrinam,
397 1254 661 1311 quantumvis
692 1256 911 1304 absonam,
942 1254 1063 1295 avide
1091 1256 1359 1311 arripuerunt
1388 1258 1511 1300 Pela-

97 1331 231 1385 giani,
276 1344 318 1373 et
355 1343 686 1387 propugnarunt.
753 1333 970 1373 Locorum
1009 1332 1224 1386 Origenis,
1274 1334 1426 1389 quibus
1466 1351 1514 1376 ea

100 1409 362 1460 continetur,
408 1409 569 1465 primus
609 1420 739 1450 exstat
781 1409 906 1452 Tom.
936 1410 973 1451 I.
1018 1409 1063 1450 in
1111 1411 1266 1451 Joann.
1299 1426 1414 1452 num.
1444 1410 1513 1455 37.

96 1485 226 1529 Ἀλλὰ
246 1488 286 1542 ¹)
328 1489 405 1529 καὶ
435 1486 548 1546 ἀνὴρ
578 1485 691 1544 πρὸς
719 1483 894 1536 τούτοις
921 1489 1098 1543 λέγεται
1127 1486 1271 1531 ὀπίσω
1298 1486 1512 1534 Ἰωάννου

100 1561 360 1620 ἐρχόμενος,
389 1565 654 1622 ἔμπροσθεν
684 1561 821 1607 αὐτοῦ
849 1566 1166 1622 γεγενημένος,
1203 1568 1279 1608 καὶ
1306 1564 1396 1622 πρὸ
1425 1566 1511 1610 αὐ-

98 1644 178 1685 τοῦ
209 1638 287 1696 ὧν,
319 1644 395 1684 ἵνα
425 1642 726 1698 διδαχθῶμεν
762 1643 840 1685 καὶ
875 1641 955 1685 τὸν
992 1636 1248 1699 ἄνθρωπον
1288 1646 1369 1686 τοῦ
1407 1646 1510 1688 υἱοῦ

101 1720 180 1761 τοῦ
211 1720 339 1773 θεοῦ,
371 1715 451 1762 τὸν
480 1721 530 1779 τῇ
551 1716 730 1774 θεότητι
762 1718 899 1762 αὐτοῦ
922 1718 1342 1778 ἀνακεκραμμένον,
1372 1737 1510 1778 πρες-

100 1792 292 1852 βύτερον
320 1791 436 1840 εἶναι
473 1799 551 1851 τῆς
589 1797 639 1839 ἐκ
676 1799 862 1853 Ινῖαρίας
898 1800 1126 1853 γενέσεως.
1187 1798 1307 1839 Alter
1334 1798 1512 1841 habetur

100 1871 242 1913 Tomo
272 1872 371 1916 XX.
401 1873 605 1929 sequenti,
635 1889 749 1915 num.
780 1873 848 1917 17.
909 1873 1004 1917 Οὐκ
1032 1871 1247 1928 ἀζήτητον
1275 1874 1326 1918 δὲ
1356 1876 1514 1920 ἐατέον

98 1947 180 1993 τὸν
208 1946 353 1993 τόπον
381 1953 456 1993 καὶ
497 1954 559 1999 εἰς
599 1949 680 1994 τὸν
715 1953 822 2008 περὶ
859 1951 1008 2007 ψυχῆς
1045 1948 1202 2006 λόγον.
1267 1949 1395 2009 Τάχα
1421 1951 1514 2012 γὰρ

100 2024 127 2080 ἦ
159 2027 248 2084 μὲν
277 2029 356 2070 τοῦ
386 2029 487 2070 υἱοῦ
517 2026 642 2083 ψυχὴ
674 2028 724 2071 ἓν
753 2030 803 2086 τῇ
835 2027 993 2082 ἑαυτῆς
1021 2024 1312 2084 τυγχάνουσα
1342 2028 1513 2074 τελειό-

101 2119 210 2158 τητι,
244 2104 294 2147 ἒν
322 2107 416 2160 θεῷ
445 2106 522 2147 καὶ
551 2108 612 2161 τῷ
642 2102 909 2162 πληρώματι
937 2095 1017 2159 ἦν,
1049 2107 1125 2147 καὶ
1156 2105 1334 2149 ἐκεῖθεν
1361 2107 1514 2163 ἐξελη-

102 2182 293 2236 λυθυΐα,
334 2184 395 2238 τῷ
437 2179 720 2226 ἀπεστάλθαι
759 2180 850 2225 ἀπὸ
889 2184 969 2225 τοῦ
1005 2180 1197 2240 πατρὸς,
1240 2181 1432 2239 ἀνέλαβε
1461 2183 1512 2228 τὸ

105 2256 154 2299 ἐκ
182 2261 258 2312 τῆς
285 2263 472 2316 Μαρίας
500 2262 649 2315 σῶμα.
707 2259 837 2300 Libro
868 2275 969 2300 vero
994 2259 1034 2302 2.
1064 2260 1116 2300 de
1144 2259 1331 2315 Princip.
1363 2277 1452 2317 cap.
1469 2261 1511 2306 6.

103 2351 216 2377 num.
254 2335 294 2379 3.
337 2347 378 2376 et
413 2336 453 2381 4.
495 2348 537 2378 et
572 2336 668 2378 libr.
711 2336 748 2379 1.
784 2347 920 2378 contr.
961 2335 1071 2377 Cels.
1107 2353 1222 2378 num.
1252 2336 1320 2381 32.
1359 2350 1402 2379 et
1428 2338 1514 2390 33.,

105 2413 236 2454 fusius
265 2413 378 2454 idem
406 2425 556 2455 tractat
583 2425 887 2466 argumentum,
916 2426 1187 2469 mentemque
1215 2430 1333 2455 suam
1357 2415 1511 2456 diserte

109 2491 328 2545 proponit:
361 2507 468 2546 quae
497 2491 698 2547 quoniam
727 2508 862 2548 aequo
896 2491 1128 2548 prolixiora
1156 2503 1274 2543 sunt,
1302 2504 1351 2533 ut
1380 2494 1511 2533 lecto-

110 2581 203 2606 rum
234 2582 474 2611 occurratur
502 2569 698 2617 sasfidio,
728 2570 885 2610 referre
915 2571 1182 2625 supersedeo.
1244 2571 1513 2612 Adducemus

233 2795 271 2849 ¹)
302 2795 385 2837 Cfr.
419 2798 482 2838 ed.
513 2810 641 2841 nostr.
672 2801 796 2842 Tom.
829 2801 860 2840 Ι.
893 2816 984 2854 pag.
1019 2798 1083 2842 73-
