1759 3125
202 56 286 109 380
754 56 988 99 Excnnsus
1015 55 1068 98 ll.

207 186 295 212 esse
338 186 432 211 cum
473 167 704 210 Catholicis
742 186 888 211 manus
932 167 1184 210 conserere?
1230 166 1372 208 Multo
1414 166 1457 207 id
1495 166 1623 218 magis

204 248 475 295 mirabimur,
505 246 539 286 si
571 246 908 296 consideremus,
948 262 1073 301 quam
1104 245 1328 298 diligenter
1361 256 1402 285 et
1432 255 1624 285 accurate

206 325 468 368 Catholicam
499 324 749 366 sententiam
782 324 1020 366 constituat.
1080 323 1224 363 Unum
1246 322 1290 362 id
1314 322 1423 362 enim
1447 323 1498 362 ab
1530 322 1627 361 liae-

204 403 346 444 reticis
376 402 590 457 postulat,
629 413 675 442 ut
705 403 900 451 Patrem,
941 412 983 440 et
1010 399 1191 450 Filium,
1224 410 1265 438 et
1295 400 1502 455 Spiritum
1534 415 1625 439 san-

206 492 320 521 ctum
363 479 657 534 personalibus
697 477 1029 536 proprietatibus
1068 493 1154 516 non
1192 476 1454 517 defraudent.
1522 477 1627 517 Tres

205 559 448 615 hypostases
479 556 663 597 admittit
695 569 737 597 et
768 555 967 611 requirit3
1003 556 1076 595 sed
1107 554 1212 595 hanc
1243 553 1554 594 distinctionem
1588 552 1627 592 ei

207 635 413 692 opponit,
459 651 564 690 quae
605 636 694 675 sola
727 633 982 685 cogitatione
1013 649 1059 673 ac
1091 632 1192 673 solis
1222 631 1464 673 nominibus
1496 630 1630 670 conti-

204 725 341 754 netur.
401 713 501 752 Duo
546 723 730 752 extrema
760 726 892 765 aeque
923 709 1121 762 fugienda
1152 726 1199 750 ac
1229 709 1504 764 vituperanda
1536 723 1631 747 cen-

203 803 279 841 set,
308 789 395 831 sive
427 789 518 845 quis
539 790 682 829 Deum
701 788 913 830 Christum
945 788 1173 838 confessus,
1204 786 1290 845 ejus
1320 786 1630 843 proprietatem

208 886 228 909 a
260 867 395 909 Patris
425 865 688 922 proprietate
719 882 805 906 non
837 864 1084 918 distinguat,
1124 881 1172 906 ac
1210 865 1305 905 solo
1343 863 1517 905 nomine
1554 861 1629 903 Fi-

209 947 312 986 lium
343 944 557 1000 appellet,
587 943 674 983 sive
703 943 1009 999 proprietatem
1043 954 1084 983 et
1109 942 1330 983 essentiam
1351 958 1428 997 per
1458 957 1502 981 se
1531 940 1631 980 sub-

208 1025 423 1065 sistentem
451 1020 567 1061 Filio
599 1020 802 1070 tribuens,
833 1019 920 1076 ejus
952 1020 1216 1060 divinitatem
1245 1019 1472 1061 inficietur.
1533 1018 1628 1072 Ipse

207 1102 334 1154 igitur
374 1100 485 1139 inter
531 1110 737 1153 utrosque
785 1097 1028 1154 interjectus
1066 1097 1229 1138 Filium
1270 1098 1427 1138 fatetur
1463 1096 1631 1145 Deum3

207 1181 280 1221 sed
310 1180 452 1219 Deum
487 1177 539 1217 de
569 1176 681 1225 Deo,
711 1177 786 1216 sed
819 1191 962 1216 verum
984 1175 1145 1216 Filium
1177 1192 1265 1216 esse
1297 1173 1534 1216 contendit:
1569 1189 1631 1213 es-

207 1256 384 1298 sentiam
415 1253 600 1294 divinam
634 1252 673 1293 ei
703 1253 909 1302 vindicat,
950 1253 1023 1292 sed
1056 1269 1161 1307 quae
1192 1252 1317 1292 aliam
1349 1251 1391 1292 in
1425 1267 1475 1292 eo
1508 1267 1555 1292 ac
1586 1252 1630 1291 in

205 1336 330 1376 Patre
368 1330 677 1387 proprietatem
716 1329 985 1384 personalem
1025 1331 1188 1371 habeat.
1242 1329 1290 1371 Si
1327 1341 1412 1370 tres
1441 1330 1631 1369 substan-

205 1412 283 1453 tias
315 1408 537 1450 dissimiles
568 1406 772 1448 tenuisset
802 1407 1018 1459 Origenes,
1050 1407 1256 1465 majorem
1286 1407 1328 1448 in
1359 1408 1538 1447 modum
1567 1405 1630 1446 in-

207 1490 399 1541 dignatus
430 1497 560 1534 esset,
592 1485 708 1540 quod
740 1485 846 1526 duae
877 1502 943 1526 res
975 1497 1137 1527 creatae
1168 1503 1264 1526 cum
1297 1486 1499 1527 Creatore
1531 1501 1631 1525 con-

208 1567 500 1607 funderentur.
562 1565 618 1603 At
659 1561 752 1617 quis
801 1578 888 1602 non
934 1563 1217 1604 insanissimus
1262 1575 1425 1604 tantum
1474 1578 1629 1618 operae

209 1646 417 1691 insumat,
465 1652 509 1681 ut
554 1640 654 1680 duas
694 1656 758 1681 res
802 1652 957 1682 creatas
995 1658 1081 1682 non
1113 1642 1203 1682 sola
1235 1640 1515 1693 cogitatione,
1553 1640 1629 1680 sed

208 1720 421 1779 personali
466 1718 730 1774 proprietate
778 1734 801 1759 a
847 1719 1049 1760 Creatore
1096 1718 1295 1771 distingui
1340 1717 1632 1759 demonstret?

207 1802 335 1843 Nefas
366 1798 494 1851 igitur
524 1796 739 1845 dubitare,
784 1796 886 1851 quin
924 1796 1129 1849 Origenes
1165 1814 1293 1837 unam
1323 1813 1502 1837 numero
1533 1797 1631 1837 sub-

209 1877 403 1920 stantiam
434 1876 476 1916 in
505 1874 640 1915 trihus
669 1874 863 1929 personis
893 1873 1109 1924 admittat,
1155 1874 1189 1915 si
1227 1874 1400 1930 quidem
1443 1876 1495 1915 de
1525 1873 1629 1916 solis

206 1953 544 2012 proprietatibus
573 1952 866 2008 personalibus
905 1952 1024 1993 litem
1065 1964 1224 1993 movet.
1282 1955 1424 2008 Atque
1456 1952 1501 1993 id
1531 1968 1632 1993 con-

208 2034 376 2074 firmare
415 2047 639 2085 possumus
679 2046 727 2070 ex
758 2030 883 2071 Tom.
914 2030 967 2071 X.
1007 2029 1051 2070 in
1089 2031 1242 2071 Joann.
1280 2046 1395 2072 num.
1423 2029 1518 2079 21.‚
1554 2029 1632 2070 ubi

210 2111 269 2152 sie
308 2108 501 2164 loquitur
540 2108 592 2147 de
636 2107 737 2163 ipsis
774 2106 859 2147 iltis
890 2106 1132 2156 haereticis,
1169 2106 1243 2162 qui
1283 2123 1372 2147 sese
1400 2108 1629 2148 tuebantur

209 2188 272 2228 his
305 2185 463 2227 Christi
491 2183 651 2225 verbis:
692 2185 939 2236 „Destruite
958 2185 996 2240 ¹)
1026 2186 1237 2240 templum
1267 2185 1369 2234 hoc,
1412 2197 1453 2226 et
1482 2185 1525 2225 in
1555 2185 1630 2225 tri-

210 2268 289 2307 bus
329 2264 477 2304 diebus
516 2261 670 2314 erigam
709 2261 876 2302 illud:“
915 2279 962 2302 ac
998 2262 1096 2302 inde
1131 2263 1464 2312 concludebant,
1506 2263 1628 2304 Chri-

208 2356 318 2385 stum
353 2341 532 2381 eundem
554 2355 731 2379 numero
757 2355 843 2380 esse
866 2355 912 2380 ac
933 2340 1117 2389 Patrem,
1151 2340 1223 2396 qui
1252 2342 1363 2396 apud
1387 2341 1568 2381 Paulum
1584 2342 1628 2397 2)

210 2420 366 2462 dicitur
397 2417 611 2460 Christum
643 2417 851 2458 excitasse.
913 2418 1004 2469 Qui
1030 2430 1091 2459 ex
1121 2416 1201 2470 lce‘s,
1232 2417 1370 2474 inquit
1401 2420 1465 2462 ed.
1494 2431 1625 2461 nostr.

212 2500 339 2540 Tom.
372 2498 404 2537 I.
435 2512 527 2551 pag.
556 2494 666 2545 350„
696 2496 788 2536 S.'b2'
812 2493 1026 2537 videntur
1056 2493 1397 2548 demonstrare,
1425 2495 1488 2553 μὴ
1520 2498 1627 2540 δια-

213 2580 372 2635 (Ιέρειν
415 2576 476 2630 τῷ
527 2572 711 2632 ἀριθμῷ
750 2571 829 2616 τὸν
876 2571 975 2616 υἱὸν
1004 2576 1081 2616 τοῦ
1122 2573 1314 2630 πατρὸς,
1356 2575 1447 2618 ἀλλ’
1489 2575 1538 2619 ἓν
1570 2576 1624 2619 οὐ

211 2652 360 2710 μόνον
392 2651 539 2707 οὐσίᾳ,
571 2649 686 2693 ἀλλὰ
721 2654 797 2693 καὶ
827 2649 1110 2707 ὑποκειμένῳ
1140 2652 1448 2710 τυγχάνοντας
1463 2653 1626 2711 ἀμφο-

336 2807 374 2863 ¹)
407 2807 480 2847 Ev.
512 2807 662 2848 Joann.
694 2807 748 2856 ll,
782 2806 845 2851 19.
966 2807 1008 2862 ἠ-)
1039 2807 1176 2872 Csr41
1211 2808 1308 2850 Cor.
1340 2809 1433 2859 XV,
1467 2809 1529 2854 15,

1736 199 1747 219 ἱ
