1759 3125
269 54 354 98 290
690 50 829 91 Pin-m
861 51 1074 93 DAnmtis
1107 52 1270 95 HUETn

277 178 355 209 sus
386 177 417 206 a
448 163 648 208 Domino
678 163 916 219 interfecit
949 162 1166 208 ducentos
1196 167 1538 222 quinquaginta
1557 165 1689 215 viros,
1736 164 1759 217 ’.ᾗ

270 246 353 300 qm·
378 239 638 296 offerebant
666 243 923 284 incensum:
954 232 1231 283 nihilominus
1262 255 1402 283 tamen
1433 243 1489 283 ita
1520 241 1694 297 exponi-

270 334 341 364 tur
370 338 393 362 a
422 320 567 360 multis
597 319 854 360 Davidicum
887 318 1015 359 illud:
1037 319 1074 373 ¹)
1127 319 1214 373 Qui
1255 321 1410 371 angelis
1449 319 1530 360 tuis
1570 318 1694 374 spiri-

274 400 432 441 tualem
462 408 675 449 naturam,
726 409 767 437 et
799 397 961 449 igneam
992 395 1189 436 tribuisti.
1251 397 1321 438 Sic
1351 397 1558 438 intellexit
1588 396 1693 436 Ter-

271 476 472 517 tullianus
502 474 578 515 lib.
609 474 648 518 2.
688 485 822 515 contr.
864 473 996 513 Marc.
1028 488 1119 528 cap.
1149 472 1214 524 8.,
1245 474 1303 513 sic
1333 473 1617 530 Hieronymus
1649 471 1690 511 in

272 555 313 598 7.
344 552 530 602 Daniel„
560 552 619 593 sic
649 550 902 593 Severianus
935 549 1207 591 Gabalitanus
1239 551 1400 592 Homil.
1425 551 1479 599 4.,
1507 550 1567 591 sic
1599 549 1689 604 ipsc

271 631 476 684 Origenes
505 629 600 673 libr.
632 630 673 673 2.
705 631 810 685 περὶ
840 627 1005 682 ἀρχῶν,
1044 644 1131 684 cap.
1153 628 1192 672 S.
1224 645 1337 669 num.
1356 628 1394 671 3.
1455 628 1691 668 Confirmat

1754 223 1759 307 l

1754 312 1759 383 1

1754 387 1759 450 1

1756 456 1759 516 1

270 712 668 769 interpretationem
698 712 803 752 hanc
833 727 991 752 nomen
1029 714 1225 762 ΞἿΞἾῑΙΙ,
1257 713 1375 768 quod
1404 712 1544 768 primo
1572 727 1693 763 ange-
1755 728 1757 731 ’

274 793 414 833 lorum
459 790 600 830 ordini
642 789 854 830 tribuitur.
933 787 1074 828 Vertit
1112 805 1264 830 vocem
1302 790 1422 830 illam
1460 789 1692 847 Dionysius

272 885 363 924 cap.
394 867 433 910 5.
467 878 508 908 et
540 867 578 909 7.
610 867 662 907 de
695 866 868 907 coelesti
899 865 1116 906 Hierarch.
1157 865 1441 922 ἔμπρηστάς,
1483 878 1548 907 et:
1579 872 1692 923 θερ-
1756 893 1759 900 ·

269 951 535 1003 μαίνοντας.
601 943 833 997 Gregorius
863 960 963 984 vero
997 943 1159 985 Homil.
1193 944 1260 987 34.
1291 942 1597 994 incendentes,
1630 955 1691 983 et:

271 1021 515 1073 ardentes,
552 1033 600 1062 ut
638 1034 681 1063 et
728 1021 915 1063 Isidorus
947 1020 1038 1061 libr.
1072 1021 1109 1063 7.
1151 1020 1313 1073 Origin.
1357 1038 1447 1077 cap.
1474 1021 1512 1064 5.
1582 1020 1693 1061 Hinc

269 1100 522 1145 Severianus
560 1099 723 1140 Homil.
758 1099 795 1142 1.
844 1099 895 1139 de
946 1097 1120 1154 opificio
1165 1098 1312 1138 mundi
1349 1098 1518 1150 angelos
1555 1098 1694 1150 ignem

273 1195 361 1221 esse
393 1177 517 1219 dicit:
553 1176 617 1220 Οὐ
649 1175 738 1235 γὰρ
767 1173 938 1233 μόνον,
980 1175 1141 1231 inquit,
1179 1179 1312 1220 τοῦτο
1353 1176 1400 1219 τὸ
1431 1179 1523 1234 πῦρ
1555 1177 1691 1230 ἔστιν,

274 1255 388 1301 ἀλλὰ
422 1258 500 1299 καὶ
531 1257 577 1297 αἱ
609 1250 702 1297 ι’ἱνω
735 1253 954 1309 δυνάμεις
984 1257 1075 1310 πῦρ
1107 1256 1214 1302 εἶσι,
1247 1257 1323 1295 καὶ
1355 1257 1568 1310 συγγενές
1601 1255 1694 1297 ἔστι,
1736 1261 1748 1273 “

274 1335 324 1379 τὸ
359 1330 453 1377 ἅνω
485 1335 577 1390 πῦρ
608 1329 771 1374 τούτου
801 1332 880 1374 τοῦ
911 1330 1014 1386 παρ’
1050 1328 1173 1387 ἡμῖν.
1227 1330 1394 1370 Eodem
1426 1331 1597 1386 quidem
1629 1348 1694 1371 re-

272 1414 356 1454 fert
385 1411 495 1452 illud
526 1408 761 1465 prophetae
791 1408 976 1448 Joannes
1003 1408 1289 1448 Damascenus
1321 1407 1414 1449 libr.
1437 1407 1476 1449 2.
1509 1408 1560 1448 de
1585 1408 1694 1449 ortli.

272 1491 346 1531 fid.
378 1504 472 1544 cap.
503 1486 557 1538 3.‚
588 1486 662 1526 sed
693 1484 888 1541 spiritum
930 1496 971 1525 et
1007 1485 1147 1537 ignem
1186 1485 1385 1525 materiae
1423 1501 1470 1526 ac
1501 1486 1695 1542 corporis
1755 1483 1759 1545 ζ

272 1577 492 1623 expertem
529 1565 698 1617 angelos
737 1579 825 1604 esse
862 1563 1089 1619 pertendit.
1156 1562 1219 1603 Ex
1259 1557 1341 1604 lioe
1370 1563 1541 1604 Psalmo
1572 1564 1696 1604 indu-

271 1657 364 1687 ctus
395 1644 565 1684 videtur
595 1641 813 1694 Origenes,
843 1652 890 1681 ut
918 1639 1038 1694 ignea
1070 1657 1252 1696 corpora
1281 1641 1436 1693 angelis
1465 1640 1694 1692 tribueret;
1754 1643 1756 1645 ’

272 1738 369 1763 cum
395 1718 643 1777 praesertim
667 1720 786 1759 Deos
817 1718 940 1759 Plato
972 1718 1116 1771 igneos
1148 1734 1235 1758 esse
1261 1717 1527 1767 decrevisset,
1556 1729 1605 1758 ut
1634 1730 1693 1758 est

269 1800 383 1856 apud
413 1797 626 1839 Laertium
656 1796 933 1846 inVPlatone,
979 1807 1021 1836 et
1053 1795 1305 1847 Aristotele}
1346 1795 1418 1851 qui
1460 1795 1604 1836 subdit
1633 1808 1694 1836 ta—

269 1893 368 1918 men
397 1876 527 1932 paulo
560 1886 659 1930 post
687 1890 942 1915 asseverasse
969 1873 1109 1930 ipsum
1129 1890 1310 1929 corpore
1332 1874 1472 1914 Deum
1493 1885 1535 1913 et
1555 1873 1691 1914 anima

272 1969 432 1996 carere:
474 1954 590 2008 quod
632 1963 674 1993 et
703 1951 806 1993 alibi
844 1951 979 1993 iterat.
1048 1952 1189 2006 Atque
1230 1950 1331 1990 haec
1369 1951 1426 1990 ita
1472 1951 1691 1991 conciliari

269 2041 470 2088 possunt,
512 2046 724 2071 summum
766 2028 958 2069 omnium
999 2027 1268 2068 conditorem
1298 2043 1345 2067 ac
1374 2028 1691 2069 moderatorem
1744 2073 1759 2082 *s

270 2109 414 2149 Deum
455 2122 637 2162 corpore
677 2106 926 2147 destitutum
978 2121 1088 2155 esse,
1129 2120 1247 2145 secus
1286 2115 1426 2144 autem
1466 2105 1689 2146 inferiores
1752 2093 1759 2153 ,Α

270 2186 391 2227 Deos
428 2184 615 2240 supremi
644 2182 758 2223 illius
803 2182 1031 2223 ministros.
1094 2180 1227 2234 Quod
1265 2182 1390 2236 plane
1422 2183 1472 2222 ab
1502 2183 1687 2235 Origene

1756 789 1758 797 ι

1751 1567 1759 1816 2

1751 1817 1759 2072 l

270 2278 511 2319 expressum
542 2272 616 2311 est,
647 2276 743 2301 cum
766 2260 864 2300 Deo
896 2258 1073 2300 detraxit
1104 2275 1270 2313 corpm,
1302 2258 1457 2312 angelis
1487 2260 1688 2317 adjunxit.
1750 2278 1753 2281 ·

274 2341 427 2383 Cetera
461 2338 549 2395 ejus
581 2339 634 2379 de
663 2337 821 2391 angelis
853 2338 1047 2391 (logmata
1088 2352 1110 2376 e
1150 2336 1472 2377 Platonicorum
1502 2338 1591 2378 sere
1622 2355 1689 2379 ex-

268 2418 408 2460 hedris
439 2416 625 2458 derivata
654 2427 763 2458 sunt.

381 2496 436 2537 X.
494 2494 791 2537 Offensionem
831 2507 1001 2549 quoque
1032 2491 1198 2541 habuit,
1239 2492 1354 2547 quod
1397 2491 1580 2533 Genesin
1619 2509 1687 2534 ex.

269 2574 441 2630 planans
473 2572 595 2623 dixit,
645 2571 787 2628 aquis,
833 2586 937 2626 quae
968 2585 1094 2625 supra
1133 2570 1443 2609 firmamentum
1483 2582 1597 2621 sunt,
1647 2583 1685 2611 et

385 2795 424 2851 Ι)
457 2796 543 2836 εὴ.
576 2795 731 2837 Psalm.
765 2795 873 2846 civ,
905 2794 943 2837 4.
