1759 3125
611 142 845 188 Excmzsus
876 145 989 187 vm.
1420 150 1503 194 413

95 258 230 311 νην,“
261 259 348 300 κτλ.
398 252 599 314 ’Ἑπρεπε
630 258 680 301 δὲ
709 257 789 300 τὸν
817 258 1046 314 ίιι,ηὸ“εε’ῑτοτε
1071 260 1405 317 κεχωρισμένον
1425 265 1504 305 τοῦ

96 336 403 390 μονογενοῦς,
449 340 810 390 συγχρηιιιατίσαι
856 337 916 390 τῷ
954 341 1202 390 μονογενεΐ
1226 339 1302 378 καὶ
1335 339 1506 382 συνδο-

99 413 319 462 &tanqum
354 409 489 466 αὐτῷ.
552 410 684 464 Quod
729 428 826 463 ergo
870 412 920 451 de
963 411 1099 452 anima
1128 415 1217 454 sola
1249 413 1408 456 dixerat
1437 432 1507 457 an-

98 499 190 536 tea,
236 486 351 527 idem
389 503 499 527 nune
538 488 590 528 de
630 499 721 529 tota
753 488 910 543 Christi
936 489 1193 531 humanitate
1223 491 1390 533 statuit:
1426 510 1506 534 nec

100 580 189 603 earn
222 563 326 604 dicit
353 563 570 604 sanctitate
602 577 868 606 consecutam
902 582 1001 616 esse,
1031 578 1078 607 ut
1109 583 1202 607 cum
1233 569 1374 609 Verbo
1408 587 1508 611 con-

95 640 338 697 jungeretur
366 640 648 698 hypostatice,
686 643 759 682 sed
797 642 873 682 hac
913 643 1174 700 hypostatica
1214 645 1510 702 conjunctione

97 717 480 758 inconvertibiliter
516 718 813 759 sanctificatam
853 719 1069 772 Unigeniti
1109 721 1265 774 gloriae
1305 736 1346 764 et
1375 726 1514 766 nomi-

98 794 162 835 nis
193 810 278 835 esse
309 794 572 850 participem.
641 794 808 836 Eodem
847 813 969 837 sensu
997 813 1066 837 sex
1098 797 1288 854 episcopi
1316 800 1358 840 in
1391 801 1511 857 epist.

99 873 150 912 ad
189 871 369 913 Paulum
408 872 750 913 samosatenum:
804 872 866 917 T&
909 875 957 917 ἐκ
994 877 1070 929 τῆς
1107 881 1342 933 παρθένου
1380 881 1514 936 σῶμα

95 951 315 1007 χωρῆσαν
355 951 450 991 πᾶν
486 947 536 992 τὸ
583 947 811 1007 πλήρωμα
855 954 929 1005 τῆς
978 951 1187 1007 θεότητος
1234 959 1513 1011 σωματικῶς,

101 1029 151 1087 τῇ
182 1023 356 1080 &somn
383 1025 607 1084 ἀτρέπτως
636 1024 803 1081 ἥνωται
825 1032 899 1071 καὶ
923 1034 1248 1084 τεῧεοποίηται.
1301 1032 1387 1075 Cfr.
1409 1034 1517 1074 Pru-

105 1103 217 1145 dent.
239 1104 387 1144 RIaran
409 1103 461 1143 de
490 1102 708 1144 divinitate
735 1104 891 1146 Christi
917 1105 989 1147 lib.
1009 1107 1078 1147 lV.
1111 1122 1200 1162 cap.
1221 1107 1284 1150 16.
1316 1125 1430 1151 num.
1450 1111 1515 1154 11.

542 1434 875 1493 Excursus
919 1437 1083 1495 vm.

500 1570 619 1627 (Cfr.
670 1587 761 1627 pag.
793 1571 889 1616 233.
938 1584 1026 1615 not.
1069 1574 1137 1629 1.)

226 1686 349 1728 Clare
380 1683 505 1725 etiam
544 1684 801 1725 convellitur
842 1701 889 1725 ex
930 1686 1125 1741 plurimis
1167 1700 1313 1731 contra
1353 1691 1523 1735 Celsum

113 1764 233 1814 locis,
265 1778 371 1819 quae
403 1761 576 1814 collegit
613 1762 879 1802 doctissimus
918 1774 1063 1804 noster
1102 1765 1298 1807 dominns
1334 1767 1527 1810 Pruden-

111 1843 194 1883 tius
224 1842 373 1883 Maran
402 1839 443 1880 in
474 1856 549 1880 suo
582 1840 634 1879 de
665 1839 883 1880 divinitate
915 1840 1070 1882 Christi
1109 1843 1218 1883 libro
1251 1844 1329 1885 III.
1360 1861 1448 1901 cap.
1480 1847 1525 1892 3.

113 1935 228 1959 num.
260 1917 300 1961 2.
331 1928 373 1957 et
401 1932 486 1972 seq.
519 1927 560 1956 et
604 1932 710 1971 quae
740 1916 807 1957 hic
836 1918 993 1958 referre
1023 1934 1110 1958 non
1138 1919 1288 1961 inutile
1318 1923 1526 1966 ducimus.

229 1996 355 2046 „Non
388 1993 553 2046 effugit,
592 1992 752 2049 inquit,
794 1993 996 2051 Celsus¹)
1029 1997 1400 2051 reprehensionem
1431 2002 1530 2044 Ori-

117 2073 244 2127 genis,
275 2071 442 2128 quoties
473 2070 515 2110 in
547 2071 793 2124 exponenda
822 2072 1086 2113 Judaeorum
1126 2085 1167 2114 et
1196 2075 1529 2121 Christianorum

118 2150 310 2192 doctrina
353 2148 581 2199 claudicat3
629 2148 746 2188 velut
791 2165 886 2189 cum
922 2149 1133 2191 Judaeum
1171 2151 1215 2192 in
1255 2153 1457 2196 miracula
1490 2168 1532 2197 et

117 2228 206 2269 visa
236 2226 413 2268 coelitus
445 2226 610 2275 oblata,
651 2225 696 2265 in
735 2225 1046 2280 praedictiones
1085 2239 1127 2269 et
1164 2229 1357 2271 vaticinia
1386 2231 1532 2289 jocan-

119 2317 228 2355 tem,
267 2315 338 2344 aut
374 2304 426 2344 de
464 2302 644 2344 Messiae
682 2303 815 2343 futuri
854 2304 1070 2346 divinitate
1108 2306 1380 2348 confitentem
1409 2309 1533 2351 indu·

123 2383 192 2434 cit,
222 2393 293 2422 aut
324 2397 419 2420 cum
449 2380 590 2421 Deum
622 2397 892 2436 corporeum,
924 2382 1136 2424 Christum
1169 2383 1370 2425 Creatore
1399 2386 1533 2445 majo-

120 2477 211 2502 rem
241 2476 264 2500 a
305 2457 549 2499 Christianis
586 2457 687 2510 fingi
725 2458 905 2502 dictitat.
974 2459 1059 2500 Sed
1099 2475 1194 2499 cum
1231 2459 1345 2502 idem
1387 2462 1534 2507 Celsus

123 2537 298 2595 quaerit,
330 2552 402 2576 cur
431 2535 548 2575 Deus
579 2537 632 2576 ad
660 2537 852 2578 homines
884 2537 1067 2587 venerit,
1097 2553 1191 2577 cum
1220 2538 1361 2580 omnia
1392 2540 1534 2583 divina

123 2615 279 2656 virtute
311 2612 519 2665 corrigere
548 2625 712 2669 posset:
744 2631 838 2655 cum
868 2614 960 2654 fieri
996 2630 1120 2669 posse
1145 2627 1291 2668 negat,
1330 2627 1379 2658 ut
1415 2619 1533 2660 Deus

244 2768 284 2824 ¹)
319 2766 408 2809 Cfr.
440 2768 491 2807 de
521 2765 583 2806 his
603 2778 643 2807 et
665 2784 778 2825 seqq.
810 2769 882 2810 lib.
905 2769 938 2809 I.
972 2781 1114 2811 eontra
1137 2770 1307 2812 Celsum
1327 2788 1440 2812 num.
1464 2772 1533 2815 43.

131 2835 173 2864 et
202 2824 284 2873 49.,
316 2823 388 2864 lib.
420 2824 514 2865 Vll.
545 2840 662 2865 num.
693 2824 785 2876 36.,
816 2826 890 2867 lib.
922 2826 1036 2868 Vlll.
1078 2843 1191 2869 num.
1225 2828 1311 2876 15„
1351 2829 1424 2872 lib.
1457 2829 1529 2872 IV.

130 2896 244 2922 num.
275 2880 328 2933 3.‚
359 2880 431 2922 lib.
462 2881 534 2924 VI.
564 2897 679 2924 num.
714 2881 796 2935 73„
829 2894 870 2924 et
899 2881 971 2924 lib.
1004 2884 1095 2927 Vll.
1127 2901 1242 2926 num.
1275 2883 1340 2929 13.
