1759 3125
465 90 852 131 ORIGENIANORUM
881 87 1024 128 LIBER
1054 88 1104 129 ll.
1395 91 1476 135 303

72 215 259 245 munere
289 200 469 243 oblatus
497 205 586 241 est:
627 199 675 238 in
714 198 855 239 terre's
892 204 1068 249 autem,
1112 196 1192 239 ubi
1230 198 1288 240 ab
1329 201 1480 244 Adam

70 293 207 336 usque
237 276 301 320 ad
325 278 478 320 Mosen
517 277 737 330 regnavit
769 281 1036 330 peccatum,
1079 275 1259 317 oblatus
1297 280 1359 318 sit
1392 291 1478 333 pro

66 362 275 413 peccato:
304 361 349 395 et
379 352 462 394 leoc
491 360 558 394 est
582 366 769 408 passum
798 364 890 393 esse
920 359 1064 393 extra
1095 360 1264 394 castra.
1310 354 1373 394 Ex
1404 356 1479 395 hu-

71 432 135 489 jus
164 431 250 471 loci
282 442 490 480 contextu,
522 430 554 471 si
587 430 677 485 quis
709 430 907 480 attendat,
939 428 1121 469 efficitur
1142 429 1261 480 illud,
1292 430 1334 471 in
1358 434 1478 471 coelo

71 519 292 563 peccatum
340 524 427 548 non
471 506 648 547 admitti.
727 505 916 546 Homilia
962 521 1132 561 quoque
1173 506 1217 546 in
1256 508 1380 549 Num.
1415 509 1478 551 13.

68 601 183 625 num.
217 585 268 635 7.,
300 601 396 625 cum
428 584 665 640 quaesisset,
697 600 770 623 cur
799 599 851 623 ne
882 599 904 623 a
932 583 1131 623 Balaamo
1164 584 1390 624 daemones
1421 586 1483 626 in-

71 673 288 711 vocentur,
319 662 521 717 prohibet
548 661 689 712 Deus;
719 660 949 715 respondet
977 659 1138 700 idcirco
1170 661 1325 701 sactum
1358 662 1479 712 illud,

71 740 186 793 quod
217 739 282 778 vel
314 738 478 779 arbitrii
505 738 652 778 suisset
684 737 956 777 daemonibus
985 737 1262 792 relinquenda
1300 739 1482 788 libertas,

73 831 304 871 eorumque
335 815 549 856 furoribus
588 825 629 854 et
666 814 927 869 intemperiis
957 815 1264 870 permittendus
1295 818 1482 871 populus

71 892 178 944 Dei3
210 893 276 932 vel
306 891 468 933 arbitrii
501 891 698 932 libertate
735 890 947 945 spoliandi
980 891 1155 932 fuissent
1184 893 1327 943 iidem,
1357 911 1409 934 ne
1441 895 1483 934 in

72 970 280 1011 Israelitas
310 970 568 1025 impotenter
598 967 870 1009 desaevirent.
916 968 1184 1009 Postremum
1207 969 1289 1010 hoc
1318 971 1351 1011 si
1383 971 1484 1011 suis-

69 1058 156 1097 set,
187 1045 270 1088 lzoc
297 1053 424 1095 erat,
464 1045 620 1100 inquit,
660 1043 905 1086 damnasse
933 1044 1261 1088 rationabilem
1292 1056 1479 1089 creatu-

72 1137 202 1174 ram,
241 1131 288 1166 et
319 1130 430 1164 ante
459 1128 636 1178 tempus
663 1121 870 1162 intulisse
893 1121 1141 1178 judicium,
1171 1132 1217 1165 et
1250 1123 1484 1181 impedisse

73 1198 302 1252 omuibus,
349 1201 427 1256 qut·
466 1197 707 1240 adversum
737 1212 810 1241 eos
839 1201 886 1240 in
919 1212 1068 1254 agone
1094 1207 1317 1256 poteraut
1349 1216 1481 1245 coro·

75 1279 194 1319 uari.
257 1276 388 1331 Quasi
430 1277 654 1317 daemones
695 1276 737 1317 in
776 1276 937 1334 judicio
968 1279 1165 1318 adversus
1197 1295 1239 1319 se
1270 1280 1374 1321 olim
1405 1293 1484 1322 sta-

73 1355 233 1395 tuendo
283 1353 346 1411 jus
393 1353 597 1394 libertatis
651 1355 821 1394 tandem
875 1355 1100 1409 aliquando
1154 1357 1343 1397 amissuri
1387 1359 1482 1400 sint.

74 1431 208 1484 Quod
239 1431 425 1486 quamvis
454 1447 541 1471 non
572 1430 735 1486 liquido
769 1447 817 1470 ex
846 1432 1145 1487 superioribus,
1175 1450 1311 1489 neque
1341 1453 1484 1476 neces-

73 1508 176 1548 saria
207 1509 508 1563 consequentia
546 1519 738 1562 cogatur,
780 1524 830 1548 eo
874 1520 1014 1549 tamen
1053 1509 1220 1549 videtur
1249 1511 1333 1551 loci
1363 1512 1483 1570 hujus

72 1584 274 1625 inclinare
304 1587 521 1636 sententia,
552 1598 593 1626 et
622 1602 643 1625 a
674 1584 886 1640 prioribus
917 1586 1081 1641 placitis
1105 1589 1316 1630 recedere.
1377 1590 1484 1631 Cum

72 1662 318 1718 praesertim
349 1662 443 1704 libr.
478 1664 513 1706 1.
540 1666 645 1718 περὶ
676 1663 840 1719 ἀρχῶν,
874 1680 962 1719 cap.
993 1663 1031 1706 6.
1062 1681 1176 1706 num.
1209 1666 1246 1710 1.
1282 1668 1332 1707 de
1363 1684 1501 1720 ange-2

76 1740 217 1780 lorum
249 1739 440 1780 libertate
470 1739 701 1781 accuratius
732 1752 911 1790 acturus,
944 1753 984 1782 et
1008 1743 1203 1794 dogmata
1230 1760 1353 1798 supra
1386 1761 1483 1785 ven—

73 1816 194 1857 tilata
226 1817 314 1856 fuse
345 1817 664 1872 propositurus,
703 1816 760 1858 ita
798 1819 1102 1874 proloquatur:
1149 1819 1277 1871 Quae
1306 1820 1483 1876 quidem

75 1908 107 1936 a
135 1894 264 1934 nobis
294 1895 436 1934 etiam
464 1907 566 1934 cum
597 1906 768 1950 magno
798 1901 923 1936 metu
962 1903 1007 1936 et
1038 1897 1222 1938 cautela
1251 1897 1484 1949 dicuutur,

74 1968 422 2013 discutientibus
471 1973 623 2027 magis
671 1979 715 2013 et
757 1975 1182 2027 pertractantibus,
1227 1989 1364 2031 quam
1395 1990 1484 2033 pro

74 2056 200 2092 certo
239 2061 296 2088 ac
333 2046 522 2103 definito
559 2051 881 2092 statuentibus,
940 2049 1202 2093 Indz'catum
1232 2067 1425 2110 namque
1456 2069 1486 2096 a

12 2138 15 2139 ’
72 2129 200 2170 nobis
229 2129 277 2168 z'n
307 2123 616 2182 superioribus
644 2133 726 2177 est,
758 2128 930 2184 quae1)
961 2130 1075 2179 siut,
1113 2127 1168 2170 de
1199 2129 1356 2186 quibus
1387 2145 1484 2173 ma-

71 2206 240 2259 mjfesto
283 2201 499 2259 dogmate
539 2202 884 2245 terminandum
926 2207 1009 2247 sit:
1047 2205 1166 2261 quod
1191 2216 1238 2248 et
1261 2221 1348 2263 pro
1379 2212 1486 2251 vc'rt‘-

74 2281 155 2324 hus
184 2293 264 2322 uos
281 2280 453 2335 fecisse
476 2288 612 2336 puto,
643 2294 742 2322 cum
757 2282 798 2337 2)
831 2280 885 2324 de
921 2281 1154 2326 Trz'm‘tate
1185 2286 1483 2340 loqueremur.

77 2359 210 2402 Nunc
240 2365 396 2399 autem
428 2356 856 2415 desputaudz‘specz‘e
877 2362 1039 2416 magis,
1070 2374 1206 2417 quam
1223 2361 1483 2418 definiendi⁹

73 2445 212 2493 prout
238 2448 495 2492 possumus,
537 2448 828 2478 exercemur:
875 2455 1053 2495 cumque
1093 2457 1182 2495 cap.
1213 2440 1252 2484 S.
1297 2459 1413 2483 num.
1445 2442 1481 2485 3.

77 2515 196 2572 hujus
236 2512 337 2553 libri
374 2513 432 2554 sic
471 2512 678 2568 disputet:
718 2512 974 2557 Secundum
1014 2530 1093 2558 uos
1131 2530 1235 2559 vero
1274 2519 1393 2562 m'lu'l
1418 2528 1485 2562 est

197 2744 234 2797 ¹)
267 2745 428 2784 Desunt
459 2744 501 2784 iu
533 2746 626 2785 cdd.
660 2746 711 2787 H.
744 2748 888 2788 verba:
919 2761 1033 2804 quae
1060 2752 1167 2794 Sl'ttt,

197 2814 238 2868 ²)
269 2814 374 2854 Edd.
408 2814 571 2855 Ilm-tii:
604 2830 703 2857 cum
734 2816 1041 2862 determinate
1071 2821 1368 2875 loqueremur.
