1759 3125
482 119 872 159 OmefimANoaum
901 116 1044 157 ann
1064 116 1096 156 I.
1476 118 1503 164 3

76 247 228 272 annum
278 229 360 286 jam
407 241 571 270 sextum
619 229 854 284 imperante
897 227 1155 276 Commodo,
1203 243 1364 269 nonum
1396 248 1496 273 vero

75 307 352 350 Christianam
390 306 697 361 rempublicam
744 304 1062 346 administrante
1093 304 1326 346 Eleuthero
1366 307 1494 364 Papa,

73 384 239 425 Triario
281 384 503 433 Materno,
541 384 602 424 M.
634 383 769 423 Atilio
808 382 977 422 Bradua
1016 381 1175 422 COSS.
1244 382 1352 423 Cum
1383 385 1495 426 enim

71 461 285 502 decimum
315 461 543 516 septimum
574 461 718 501 aetatis
750 477 905 501 annum
939 458 1068 511 egisse
1101 475 1197 499 eum
1228 460 1382 502 scribat
1410 463 1496 504 Eu-

72 538 211 579 sebius
253 537 360 578 Hist.
404 538 566 578 Eccles.
601 538 764 581 lib.V[.
798 554 886 592 cap.
907 537 970 586 2.,
1003 553 1087 591 quo
1120 548 1314 591 tempore
1345 552 1498 598 marty-

75 615 183 655 rium
217 613 420 669 expetivit
450 627 569 670 pater
601 614 688 671 ejus
718 614 941 663 Leonides,
974 630 1083 653 anno
1107 614 1143 669 ¹)
1174 630 1327 669 nempe
1351 617 1498 659 Severi

74 692 265 742 decimo,
305 692 430 747 plane
473 694 523 732 ab
564 709 638 742 eo,
670 709 795 748 quem
828 690 933 743 dixi,
968 691 1159 739 cardine,
1192 689 1300 732 vitae
1331 692 1496 736 initium

75 769 242 810 videtur
281 768 457 811 duxisse.
524 769 706 810 Biennio
746 769 955 827 juniorem
996 768 1155 808 faciunt
1192 767 1308 810 Fasti
1347 771 1494 824 Siculi,

72 846 250 902 aliique,
282 858 322 886 et
353 845 398 885 in
428 862 606 896 annum,
640 846 712 901 qui
742 847 821 887 suit
855 845 1012 887 Clodio
1047 844 1268 901 Crispino,
1301 860 1341 888 et
1371 849 1497 906 Papi-

74 925 137 964 rio
170 923 351 964 Aeliano
386 923 562 972 COSS.,
595 934 738 963 ortum
769 923 856 979 ejus
891 923 1126 963 conferunt.
1185 924 1349 965 Eadem
1380 926 1498 968 vide-

70 1013 141 1041 tur
170 1000 352 1042 Mariani
384 1000 504 1042 Scoti
533 1001 662 1053 ratio;
692 1017 787 1041 nam
820 1000 862 1040 in
894 1017 1049 1041 annum
1075 999 1230 1040 Christi
1250 1000 1348 1043 204.
1386 1005 1496 1045 Leo„

70 1078 193 1119 nidae
224 1078 471 1136 martyrium
516 1077 702 1134 conjicit.
763 1078 878 1118 Toto
920 1093 1020 1117 vero
1062 1076 1246 1118 triennio
1285 1082 1495 1124 recentio-

70 1172 160 1196 rem
193 1155 374 1196 credidit
406 1156 638 1208 Origenem
677 1155 943 1196 Hermannus
988 1153 1260 1195 Contractus:
1299 1161 1497 1202 nonnulli

72 1233 198 1274 etiam
231 1232 524 1289 quadriennio.
583 1235 673 1274 Nos
703 1232 877 1273 Eusebii
908 1230 1126 1286 sequimur
1156 1233 1494 1292 ἐπιλογισμούς,

69 1311 196 1352 Pater
235 1310 302 1351 illi
341 1309 423 1350 fuit
462 1310 519 1360 is,
560 1327 687 1366 quem
727 1309 835 1359 dixi,
877 1308 1108 1358 Leonides,
1142 1309 1260 1350 omni
1292 1311 1494 1357 virtutum

70 1405 221 1440 genere
261 1387 452 1440 insignis,
508 1399 550 1429 et
590 1387 715 1428 sacris
757 1385 992 1442 disciplinis
1036 1387 1229 1442 apprime
1267 1387 1494 1447 institutus,

73 1466 380 1522 episcopatu‘ss)
412 1465 562 1515 etiam,
593 1477 640 1505 ut
669 1464 815 1506 scribit
845 1463 1019 1515 suidas,
1058 1465 1287 1519 praeditus.
1347 1470 1496 1514 Matris

71 1559 228 1584 nomen
259 1542 429 1584 silentio
463 1554 655 1583 auctores
687 1552 940 1596 presserunt.

76 1696 180 1735 dunt
209 1695 430 1744 Eusebius,
459 1693 736 1749 Epiphanius,
769 1705 810 1733 et
842 1693 933 1733 alii:
973 1704 1015 1733 at
1045 1705 1235 1734 veterum
1266 1696 1407 1741 nullus
1436 1702 1499 1742 di-

75 1752 195 1792 sertis
227 1752 364 1792 verbis
399 1753 526 1792 docet
558 1767 654 1791 eum
688 1750 962 1791 Alexandriae
992 1761 1137 1790 natum
1171 1766 1271 1794 esse.
1303 1754 1354 1795 R.

193 1821 231 1876 ¹)
264 1821 471 1862 Eusebius
509 1820 664 1862 nullibi
702 1820 743 1860 in
783 1819 891 1861 Hist.
930 1836 1002 1860 sua
1039 1820 1202 1862 Eccles.
1244 1821 1347 1864 dicit
1386 1843 1496 1870 anno

73 1878 220 1919 Severi
265 1879 430 1918 decimo
472 1894 640 1933 passum
682 1892 768 1917 esse
810 1876 1044 1916 Leonidem
1086 1876 1280 1929 Origenis
1318 1894 1494 1935 patrem.

75 1936 121 1974 ld
162 1951 294 1974 unum
333 1946 473 1974 narrat
518 1935 590 1974 lib.
621 1934 687 1975 Vl.
720 1949 808 1987 cap.
831 1933 894 1981 2.,
935 1934 1140 1974 Severum
1179 1949 1287 1974 anno
1328 1940 1497 1995 imperii

71 1990 135 2031 sui
167 1990 348 2041 decimo,
377 1992 508 2031 Laeto
542 1989 821 2031 Alexandriae
854 2001 895 2029 et
924 1989 1055 2029 totius
1084 1991 1262 2047 Aegypti
1292 1997 1497 2049 praeside,

74 2047 294 2087 ecclesiam
326 2047 632 2087 catholicorum
670 2047 712 2086 iu
754 2062 799 2085 ea
838 2047 941 2086 urbe
982 2047 1239 2098 gubernante
1271 2049 1496 2096 Demetrio

74 2104 303 2159 episcopo,
345 2104 655 2144 acerbissimam
696 2102 893 2142 excitasse
939 2102 1302 2158 persecutionem,
1342 2111 1384 2149 in
1416 2128 1497 2167 qua

71 2161 318 2216 martyrium
347 2161 524 2200 subierit
555 2159 775 2200 Leonides.
834 2162 901 2199 An
939 2170 1080 2199 autern
1119 2159 1260 2214 primo
1300 2180 1498 2218 persecu-

74 2217 201 2256 tionis
232 2233 365 2264 anno,
407 2234 457 2257 an
487 2218 673 2257 secundo
705 2231 847 2271 passus
878 2215 952 2265 sit,
989 2216 1035 2255 id
1072 2214 1241 2257 silentio
1280 2225 1495 2275 praeterit,

72 2274 168 2314 Non
200 2289 298 2325 ergo
330 2273 372 2313 in
402 2273 510 2314 Hist.
541 2273 732 2324 Eccles„
770 2273 844 2312 sed
876 2272 917 2311 in
951 2272 1164 2314 Chronico
1206 2275 1360 2319 diserte
1391 2281 1500 2322 Leo-

73 2330 195 2369 nidae
227 2330 472 2387 martyrium
502 2347 610 2370 anno
644 2329 791 2370 Severi
823 2329 990 2369 decimo
1034 2329 1234 2370 adscribit
1263 2332 1496 2394 Eusebiu53

75 2402 200 2440 quem
249 2387 440 2441 sequitur
479 2387 764 2443 Hieronymus
808 2385 850 2425 in
901 2385 1088 2438 Catalog.
1134 2386 1289 2443 Script.
1334 2392 1496 2438 Eccles,

78 2458 166 2497 cap.
199 2442 281 2492 54„
311 2443 384 2482 ubi
415 2442 492 2483 ait:
529 2444 766 2498 Origenes,
798 2443 937 2496 quiet
967 2440 1295 2498 Adamantius,
1327 2446 1498 2493 decimo

77 2497 235 2540 Severi
271 2499 533 2541 Pertinacis
571 2512 693 2540 (meno
742 2499 984 2540 adversum
1027 2497 1316 2544 Christianos
1344 2519 1500 2560 perse„

81 2558 261 2597 eutione
292 2563 531 2606 commota,
563 2569 592 2597 α
623 2554 826 2597 Leom'de
851 2562 1013 2610 patre,
1058 2554 1235 2599 Cla-istc·
1269 2567 1498 2617 neartyrio

81 2618 310 2661 coronam,
343 2625 444 2653 cum
472 2625 556 2654 sex
580 2612 829 2666 fratribus
869 2618 915 2653 et
952 2618 1108 2653 matre
1147 2612 1287 2656 vidua
1317 2631 1502 2676 pauper

82 2665 360 2722 relinquitur
390 2681 536 2710 amcos
567 2677 707 2710 viatus
738 2671 926 2710 circiter
957 2666 1109 2710 decem
1139 2676 1186 2710 et
1213 2681 1397 2728 septem.
1428 2678 1480 2719 R.

171 2737 213 2789 2)
243 2737 343 2778 Duo
386 2738 488 2779 item
530 2739 666 2781 Codd.
706 2738 899 2779 Vaticani
940 2738 1040 2779 Mss.
1083 2738 1127 2779 in
1166 2739 1498 2802 Hieronymiano

86 2789 286 2844 Catalogo
318 2795 524 2850 Scriptor.
555 2796 716 2836 Eccles.
750 2812 838 2851 cap.
871 2795 939 2837 54.
978 2797 1144 2848 legunt:
1189 2796 1502 2854 origenem...

83 2859 114 2888 ιι
144 2846 346 2890 Leom'de
373 2854 573 2907 episcopo
599 2859 760 2908 patre,
785 2853 1015 2907 martyrio
1048 2861 1283 2906 coronato,
1315 2868 1392 2898 etc.
1426 2859 1474 2900 R.

1105 2929 1171 2971 1*
