1751 3096
473 720 724 772 PETRI
787 717 1202 771 DANIELIS

649 865 1024 918 HUETH

389 1009 1283 1086 ORIGENIANA.

223 1319 431 1362 OPERIS
467 1318 685 1362 TOTIUS
717 1317 1032 1361 PROLOGUS
1062 1315 1140 1358 ET
1169 1315 1464 1358 PARTITIO.

140 1442 385 1514 Colligenti
412 1462 461 1518 ¹)
508 1461 613 1502 mihi
662 1460 905 1517 superstites
953 1459 1305 1515 primigeniorum
1359 1455 1552 1508 Origenis

139 1538 332 1593 Operum
370 1535 591 1590 reliquias,
640 1546 682 1575 et
717 1535 761 1575 in
800 1534 1012 1589 publicam
1051 1534 1193 1573 lucem
1235 1533 1335 1573 dare
1374 1532 1551 1588 paranti,

138 1613 348 1669 optimum
378 1613 493 1652 factu
522 1611 654 1651 visum
688 1622 770 1662 est,
813 1622 853 1651 et
882 1611 1008 1662 vulgo
1039 1611 1166 1660 utile,
1201 1626 1280 1651 nec
1309 1626 1332 1651 a
1362 1610 1554 1666 Scripto-

138 1708 232 1731 rum
263 1690 406 1730 aetatis
437 1687 573 1744 hujus,
607 1687 679 1744 qui
709 1688 914 1728 Veterum
945 1688 1117 1728 edendis
1135 1686 1418 1728 monumentis
1451 1703 1553 1742 ope·-

137 1784 226 1808 ram
255 1783 373 1807 suam
404 1777 715 1815 consecrarunt,
748 1765 1054 1806 consuetudine
1084 1764 1284 1814 alienum,
1314 1780 1380 1805 res
1403 1764 1553 1816 Orige-

135 1844 200 1885 nis
229 1845 400 1884 referre.
452 1842 582 1896 Quod
612 1859 737 1898 parce
768 1859 791 1884 a
818 1842 1047 1893 nonnullis,
1075 1841 1346 1894 indiligenter
1365 1842 1417 1881 ab
1447 1840 1554 1893 aliis,

135 1923 284 1977 plene,
323 1932 365 1961 et
403 1919 544 1961 animo
586 1920 654 1961 vel
694 1936 861 1970 amore,
902 1920 969 1960 vel
1001 1919 1110 1961 odiis
1140 1935 1294 1969 vacuo,
1333 1934 1357 1959 a
1384 1918 1555 1960 nemine

138 1998 312 2040 omnino
344 1998 501 2038 factum
531 1997 688 2048 adhuc,
717 1997 908 2039 sedulam
940 2009 981 2038 et
1009 1996 1233 2037 affectibus
1263 1995 1440 2036 liberam
1471 2007 1555 2037 tra-

138 2076 365 2119 ctationem
384 2076 648 2131 exposcebat.
694 2077 778 2117 Res
800 2074 996 2128 origenis
1015 2074 1127 2124 dico,
1155 2090 1241 2114 non
1258 2084 1390 2126 gestas
1406 2074 1554 2124 modo,

138 2155 212 2197 sed
242 2153 440 2206 cogitatas
472 2153 599 2194 etiam
629 2154 681 2193 ab
712 2169 788 2203 eo,
829 2163 870 2193 et
910 2151 1041 2195 literis
1078 2151 1290 2208 proditas:
1331 2167 1410 2192 nec
1441 2151 1553 2192 enim

138 2231 297 2285 agendo
329 2230 488 2279 solum,
527 2230 600 2270 sed
641 2229 886 2270 meditando
921 2245 1116 2285 quoque,
1155 2230 1480 2270 commentando
1514 2241 1556 2271 et

137 2308 361 2350 scribendo
405 2305 511 2347 vitae
553 2323 650 2347 suae
690 2307 775 2348 otia
806 2307 1010 2360 Origenes
1050 2305 1227 2361 partitus
1258 2318 1331 2347 est.
1393 2307 1555 2362 Quam-

139 2388 288 2427 obrem
317 2383 522 2426 trifariam
552 2383 766 2424 dividetur
794 2383 928 2435 istud,
968 2383 1083 2440 quod
1113 2383 1400 2436 aggredimur,
1431 2402 1553 2442 opus.

137 2466 200 2505 Ac
229 2463 415 2520 primum
445 2461 574 2516 ipsius
604 2461 915 2517 perscribemus
952 2461 1103 2510 vitam,
1146 2460 1274 2511 facta,
1312 2478 1476 2513 mores,
1514 2474 1555 2503 et

258 2631 298 2695 ¹)
332 2632 418 2674 Cfr.
451 2635 546 2677 edd.
584 2636 712 2678 Huet.
752 2636 878 2678 Tom.
910 2637 942 2678 I.
983 2637 1082 2681 Fol.
1114 2640 1152 2684 1.
1195 2656 1308 2695 seqq.
1351 2638 1450 2679 coll.
1489 2637 1554 2677 ed.

141 2688 273 2728 Ruam
311 2689 434 2731 Tom.
468 2692 541 2734 IV.
589 2703 629 2732 et
678 2693 848 2748 quidem
887 2695 1084 2750 Append.
1114 2712 1216 2761 ‚Pag'
1251 2696 1316 2739 79.
1354 2710 1469 2749 seqq.
1501 2717 1553 2724 ——

142 2744 225 2785 Ed.
258 2745 392 2786 Ruaei
423 2747 534 2789 hunc
565 2749 696 2789 offert
725 2749 920 2790 titulum:
954 2751 1188 2793 ClarisS1mi
1219 2753 1335 2794 Petri
1365 2749 1554 2792 Danielis

146 2799 306 2850 Huetii,
335 2800 540 2859 Episcopi
567 2805 852 2857 Abrincensis,
884 2806 1148 2861 Origeniana.

198 2875 418 2918 Onffinms
451 2878 623 2922 OPERA.
655 2882 777 2923 ΤοΜ.
807 2883 950 2924 XXII.
1259 2886 1277 2927 1
