1759 3125
241 100 325 147 360
801 101 1039 146 ExcUnsUs
1067 103 1100 144 ῐ.

247 215 412 267 Deum,
455 229 582 255 unam
623 214 877 268 Veritatem,
925 231 1052 258 unam
1095 216 1379 273 Sapientiam,
1423 216 1480 258 ita
1532 234 1661 258 unum

248 293 439 335 Verbum
469 308 555 334 esse
587 293 714 334 docet
741 294 867 336 Tom.
901 294 952 336 11.
983 294 1026 334 in
1055 294 1205 336 Joann.
1236 311 1350 337 num.
1381 293 1419 338 3.
1453 306 1494 335 et
1523 295 1560 337 4.

363 370 448 420 lV.,
507 368 725 424 Quantum
764 373 815 412 ab
853 370 1017 412 Arianis
1048 371 1258 428 discrepet
1288 371 1518 425 Origenes,
1562 385 1662 414 tunc

251 445 376 486 etiam
406 446 530 488 facile
561 448 823 503 intelligitur,
856 466 950 489 cum
977 449 1030 489 ad
1056 448 1170 489 illius
1194 459 1362 490 ventum
1383 462 1444 492 est
1461 452 1511 491 de
1532 451 1662 491 Verbi

249 522 495 565 aeternitate
524 527 784 568 sententiam.
842 527 990 567 Refert
1020 526 1248 568 Marcellus
1280 528 1520 585 Ancyranus
1551 529 1662 584 apud

249 599 479 643 Eusebium
501 603 539 659 ¹)
569 603 651 645 hoc
684 604 878 657 Origenis
908 603 1108 644 eximium
1138 603 1454 646 testimoniumt
1488 605 1552 648 Οὐ
1572 604 1664 662 γὰρ

251 674 274 721 ὁ
304 676 411 728 θεὸς
439 678 600 740 Πατὴρ
631 678 745 726 εἶναι
776 677 963 738 ἤρξατο,
1004 679 1313 738 κωλυόμενος,
1355 680 1413 731 ὡς
1452 684 1495 726 οἱ
1533 681 1665 739 γινό-

247 771 381 811 μενοι
410 761 596 816 πατέρες
625 755 879 816 ἷίνθρωποι,
909 756 1000 802 ὑπὸ
1028 761 1107 802 τοῦ
1134 756 1198 815 μὴ
1230 757 1463 802 δύνασθαί
1479 777 1549 803 πω
1571 777 1666 803 πα-

251 837 370 892 τέρες
397 835 499 891 (leg.
530 836 722 893 πατέρα)
762 833 890 881 εἶναι.
959 840 1020 879 Εἰ
1057 834 1146 893 γὰρ
1178 835 1247 880 ἀεὶ
1277 840 1442 886 τέλειος
1482 835 1504 880 ὁ
1545 836 1664 892 θεὸς,

250 914 328 954 καὶ
368 910 587 971 πάρεστιν
628 912 749 971 αὐτῷ
791 912 985 969 δύναμις
1021 915 1100 957 τοῦ
1147 916 1319 971 πατέρα
1358 912 1498 958 αὐτὸν
1536 911 1665 966 εἶναι,

249 990 328 1031 καὶ
357 987 500 1033 καλὸν
538 987 678 1035 αὐτὸν
716 986 832 1035 εἶναι
871 994 1045 1050 πατέρα
1083 993 1163 1035 τοῦ
1201 989 1408 1036 τοιούτου
1445 995 1573 1048 υἱοῦ,
1624 997 1669 1036 τί

251 1063 571 1123 ἀναβάλλεται,
618 1069 695 1111 καὶ
725 1066 888 1112 ἑαυτὸν
918 1071 996 1114 τοῦ
1028 1071 1169 1112 καλοῦ
1200 1074 1444 1126 στερίσκει,
1475 1073 1576 1127 καὶ,
1609 1070 1667 1121 ὠς

250 1143 373 1187 ἔστιν
401 1147 561 1200 εἰπεῖν,
594 1145 641 1195 ἐξ
672 1136 726 1189 οὗ
754 1143 944 1190 δύναται
965 1146 1125 1206 Πατὴρ
1154 1141 1270 1190 εἶναι
1299 1149 1426 1201 υἱοῦ;
1462 1146 1526 1192 Τὸ
1557 1148 1665 1192 αὐτὸ

251 1225 408 1278 μέντοι
439 1238 491 1278 γε
521 1225 597 1266 καὶ
627 1225 732 1282 περὶ
761 1226 841 1267 τοῦ
874 1222 1011 1281 ἁγίου
1042 1222 1301 1280 πνεύματος
1330 1228 1521 1270 λεκτέον.
1580 1226 1664 1268 Lo-

252 1314 325 1339 cus
369 1299 495 1354 plane
541 1301 743 1353 gemellus
776 1301 962 1342 occurrit
992 1300 1066 1342 lib.
1108 1302 1140 1342 Ῐ.
1186 1301 1238 1342 de
1277 1301 1464 1357 Princip.
1506 1320 1596 1360 cap.
1625 1305 1664 1348 2.

249 1390 363 1416 num·
395 1376 434 1419 2·

360 1452 537 1506 Magnus
576 1453 825 1496 Athanasius
862 1454 906 1496 in
945 1454 1056 1496 libro
1097 1455 1149 1497 de
1191 1456 1370 1498 decretis
1407 1457 1557 1515 synodi
1595 1458 1669 1500 Ni-

252 1546 402 1571 caenae
433 1547 526 1586 pag.
555 1531 650 1576 233.
691 1533 775 1573 duo
815 1533 1146 1588 praeclarissima
1187 1533 1286 1575 citat
1323 1533 1440 1575 illius
1477 1535 1667 1577 testimo-

251 1607 332 1659 nia,
363 1625 546 1665 quorum
575 1609 762 1665 primum
791 1609 852 1651 sic
883 1610 1030 1651 habet:
1061 1614 1120 1653 Ei
1151 1611 1274 1655 ἔστιν
1303 1609 1436 1655 εἰκών
1455 1614 1536 1655 τοῦ
1556 1615 1667 1656 θεοῦ

252 1688 331 1730 τοῦ
364 1684 577 1745 ἀοράτου,
608 1687 803 1745 ἀόρατος
832 1686 983 1732 εἰκών.
1038 1687 1155 1745 Ἐγώ
1189 1689 1239 1733 δὲ
1269 1687 1496 1746 τολμήσας
1525 1708 1665 1748 προς-

251 1758 382 1819 θείην
412 1762 484 1820 ἄν,
518 1763 585 1809 ὅτι
615 1769 691 1810 καὶ
725 1764 936 1824 ὁμοιότης
963 1763 1202 1821 τυγχάνων
1241 1769 1320 1811 τοῦ
1351 1767 1552 1824 Πατρὸς,
1587 1768 1669 1812 οὐκ

252 1842 373 1884 ἔστιν
406 1840 478 1886 ὅτε
509 1842 591 1886 οὐκ
620 1836 691 1900 ἦν.
722 1888 725 1890 ,
751 1843 871 1888 Πότε
901 1841 990 1902 γὰρ
1024 1842 1045 1887 ὁ
1078 1843 1204 1899 θεὸς,
1248 1842 1271 1888 ὁ
1312 1846 1425 1888 κατὰ
1453 1844 1670 1901 Ἰωάννην

253 1921 351 1975 φῶς
381 1918 649 1978 λεγόμενος·
681 1920 738 1977 ,,ὁ
754 1923 796 1978 ²)
830 1922 936 1970 θεὸς
963 1924 1052 1979 γὰρ
1085 1924 1182 1979 φῶς
1212 1923 1403 1965 {nm-‘⁶
1449 1921 1665 1980 ἀπαύγα-

253 2011 345 2053 σμα
379 1997 459 2040 οὐκ
488 1995 577 2054 εἶχε
608 2001 683 2054 τῆς
711 2001 830 2048 ἰδίας
860 1997 1014 2055 δόξης,
1053 2002 1129 2042 ἵνα
1168 1998 1395 2056 τολμήσας
1431 2017 1494 2048 τις
1524 2000 1668 2057 ἀρχὴν

254 2073 321 2128 δῷ
352 2069 465 2116 εἶναι
501 2077 608 2130 υἱῷ,
653 2075 712 2125 ὦς
740 2076 964 2135 πρότερον
994 2076 1076 2121 οὐκ
1108 2071 1257 2129 ὅντος;
1298 2074 1416 2121 Πότε
1455 2078 1504 2120 δὲ
1536 2076 1558 2131 ἦ
1594 2082 1668 2132 τῆς

254 2148 448 2210 ἆῤῥήτου
478 2155 554 2194 καὶ
586 2152 963 2212 ἀκατονομάστου
994 2157 1069 2197 καὶ
1091 2153 1357 2210 ἀφθέγκτου
1380 2153 1669 2204 ὑποστάσεως

252 2231 331 2270 τοῦ
360 2227 538 2284 Πατρός
567 2228 714 2285 εῗκών,
748 2229 770 2274 ὁ
796 2230 1031 2290 χαρακτὴρ
1059 2229 1232 2288 Λόγος,
1267 2229 1289 2274 ὀ
1320 2229 1558 2289 γινώσκων
1588 2232 1669 2275 τὸν

255 2308 449 2364 Πατέρα,
483 2305 565 2350 οὐκ
595 2299 674 2361 ἧν,·
704 2313 990 2353 Κατανοείτω
1021 2306 1110 2365 γὰρ
1143 2306 1164 2352 ὁ
1195 2312 1376 2366 τολμῶν
1397 2313 1471 2352 καὶ
1493 2312 1663 2367 λέγων·

255 2374 311 2438 ἦν
349 2400 458 2428 ποτε
498 2382 568 2429 ὅτε
610 2384 689 2428 οὐκ
727 2377 785 2441 ἦν
817 2384 838 2429 ὁ
875 2385 994 2441 υἱὸς,
1044 2384 1110 2430 ὅτι
1150 2387 1245 2446 ἐρεῖ
1278 2389 1355 2430 καὶ
1385 2385 1459 2430 τό·
1509 2390 1665 2443 Σοφία

254 2460 363 2504 ποτὲ
395 2461 475 2504 οὐκ
503 2454 574 2517 ἦν,
608 2466 681 2505 καὶ
712 2461 870 2519 Λόγος
901 2463 982 2507 οὐκ
1012 2456 1080 2515 ἦν,
1113 2466 1187 2507 καὶ
1218 2463 1323 2519 Ζωὴ
1356 2464 1438 2507 οὐκ
1470 2457 1537 2519 ἦν.
1599 2465 1666 2506 Si-

255 2537 433 2578 millima
454 2538 649 2591 leguntur
665 2541 742 2580 sub
767 2540 894 2581 finem
923 2540 1019 2581 libri
1038 2542 1108 2582 lV.
1141 2542 1191 2582 de
1213 2541 1436 2598 Principiis
1466 2559 1579 2584 num.
1599 2542 1664 2585 28.

371 2617 567 2657 Alterum
605 2617 893 2658 testimonium
937 2618 995 2659 sic
1040 2619 1192 2672 legitur
1236 2621 1348 2676 apud
1395 2620 1664 2675 Athanasium

379 2771 418 2827 ¹)
450 2771 536 2813 Cfr.
567 2772 719 2813 Euseb.
753 2774 824 2814 lib.
859 2776 890 2814 I.
921 2775 1077 2816 advers.
1100 2775 1289 2817 Marcell.
1322 2779 1473 2832 Ancyr.
1507 2791 1594 2830 cap.
1626 2774 1665 2816 4.

375 2841 417 2897 ²)
450 2842 539 2885 Cfr.
569 2843 587 2884 I
615 2843 768 2887 Joann.
797 2845 828 2895 I,
859 2845 896 2887 5.
