1759 3125
481 113 871 154 ORIGENIANORUM
900 110 1041 151 LIBER
1072 111 1125 151 11.
1207 155 1209 158 ,
1416 114 1496 157 1Οὸ

82 225 122 265 in
154 222 339 279 Josepho
380 222 458 263 illo
498 223 694 263 Hebraeo
733 220 1009 262 Matthathiae
1049 220 1140 262 filio
1183 221 1306 277 plane
1338 224 1493 265 mirum

84 300 214 342 videri
246 301 392 351 debet;
432 298 557 339 facile
594 299 755 354 quippe
787 313 835 337 ex
866 296 951 354 ejus
980 298 1146 354 scriptis
1179 299 1494 354 deprehendere

83 378 201 428 licet,
242 378 294 417 ad
324 391 513 427 magnam
544 375 661 416 illam
700 387 741 415 et
778 374 1030 424 singularem
1069 375 1340 417 ,Iudaicarum
1371 377 1495 430 origi-

81 470 181 494 num
203 453 488 505 cognitionem
517 468 603 493 non
625 468 770 508 parem
799 451 937 506 ipsum
967 455 1128 507 patriae
1159 453 1355 508 loquelae
1385 455 1496 510 peri-

79 529 181 570 tiam
223 528 471 580 contulisse3
514 528 701 583 quamvis
739 544 781 568 se
811 527 1015 567 nonnulla
1044 527 1251 570 Hebraice
1281 530 1494 586 scripsisse

80 607 202 657 dicat,
235 622 339 662 quae
373 606 492 660 lapsu
522 617 766 660 temporum
797 604 1114 646 interciderunt.

193 683 280 737 Qui
328 681 514 723 Judaicis
563 698 694 737 porro
738 681 868 721 literis
907 693 991 721 tam
1034 682 1184 722 leviter
1222 682 1375 722 tinctus
1413 683 1496 723 suit

81 760 297 813 Origenes,
330 761 441 800 hunc
473 756 721 799 Samaritani
752 757 965 798 idiomatis
996 758 1121 798 fuisse
1153 759 1495 799 callentissimum

79 838 287 878 affirmare
329 835 499 892 quidam
538 849 624 873 non
664 845 870 874 verentur.
939 835 1119 875 Abunde
1150 835 1403 876 refelluntur
1431 836 1495 875 illi

84 928 131 952 ex
161 912 223 952 his
255 911 447 963 Origenis
479 910 616 951 verbis
648 910 699 950 ad
732 910 838 950 illud
877 912 1087 954 Ezechiel.
1119 912 1155 955 9.
1198 928 1300 953 vers.
1333 912 1370 954 4.
1402 929 1493 967 pag.

82 988 176 1030 424.
235 987 384 1044 Sagun
419 987 550 1029 ΤΙιαιι
593 1000 729 1043 super
745 987 940 1041 flentes
969 992 1172 1031 virorum
1199 991 1496 1046 gementium.

79 1063 282 1120 Ἑβραῖος
313 1067 366 1107 δέ
392 1082 476 1118 τις,
519 1064 677 1120 inquit,
705 1068 794 1106 τῶν
827 1068 886 1113 εἷς
918 1069 1097 1123 σωτῆρα
1129 1067 1495 1111 πεπιστευκόιων

58 1139 201 1199 νἔλεγε
237 1142 288 1183 τὰ
322 1141 484 1198 ἀρχαῖα
517 1147 714 1197 στοιχέῐα
745 1143 939 1198 ἐμφερὲς
969 1143 1088 1198 ἔχειν
1118 1142 1166 1185 τὸ
1201 1148 1290 1186 ι’)αῡ
1323 1148 1383 1201 τῷ
1418 1149 1493 1188 τοῦ

83 1221 278 1275 σταυροῦ
304 1221 572 1276 χαρακτῆρι,
606 1223 682 1261 καὶ
712 1216 1079 1275 προᾳαμεύεσϋαι
1115 1224 1219 1278 περὶ
1251 1224 1327 1265 τοῦ
1358 1239 1494 1278 γενο-

80 1300 222 1351 μένου
253 1297 301 1338 ἐν
335 1301 624 1354 Χριστιανοῐς
665 1298 741 1339 ἐπὶ
779 1299 855 1338 τοῦ
886 1294 1099 1353 μετώπου
1130 1303 1341 1353 σημείου,
1386 1297 1496 1358 ὅπερ

82 1369 294 1416 ποιὸῦσιν
333 1375 375 1416 οἱ
421 1372 765 1421 πεπιστευκότες
805 1368 971 1421 mium
1012 1365 1495 1433 ῥὺῑιιόσοῦν.προκα-

17 1482 21 1488 .
48 1493 52 1496 ,
82 1446 352 1507 ταρχὸμενοι
383 1447 685 1505 πράγματος,
714 1439 792 1492 ἑαὶ
832 1448 1027 1505 μάλιστα
1062 1449 1085 1504 ἢ
1116 1451 1263 1508 εὐχῶν
1293 1450 1319 1506 ἢ
1348 1452 1495 1510 ἁγίων

83 1525 473 1583 ἀναγνωσμάτων.
535 1526 838 1569 Samaritarum
878 1527 1083 1567 elementa
1114 1529 1300 1584 appellat
1331 1531 1495 1588 ἀρχαῖα

83 1609 304 1659 στοιχεῖα,
346 1605 461 1658 quod
501 1604 549 1644 iis
589 1604 771 1644 Hebraei
801 1616 1018 1644 uterentur
1048 1604 1194 1658 priscis
1230 1608 1496 1662 temporibus

81 1678 169 1735 πρὸ
211 1683 283 1734 τῆς
310 1686 591 1735 μειοικεσιάς
618 1683 904 1735 Βαβυλῶνος.
965 1682 1127 1721 Eorum
1153 1682 1193 1736 ¹)
1234 1683 1268 1723 si
1301 1685 1496 1726 notitiam

204 1890 242 1945 ¹)
275 1890 521 1931 Samaritani
553 1891 722 1946 quidem
755 1891 966 1932 idiomatis
998 1893 1339 1935 callentissimum
1369 1896 1496 1936 fuisse

86 1963 170 1986 non
200 1963 298 1986 reor
329 1948 576 1999 Origenem;
613 1949 686 1987 sed
725 1948 835 1987 haud
874 1948 984 1997 scio,
1024 1965 1072 1988 an
1114 1961 1160 1989 ut
1190 1951 1398 2001 Judaicis‚
1440 1954 1496 1993 ita

87 2002 354 2044 Samaritanis
386 2017 426 2043 et
457 2003 635 2060 Syriacis
674 2003 805 2043 literis
843 2006 992 2044 saltem
1034 2005 1182 2045 leviter
1220 2007 1371 2048 tinctus
1411 2026 1497 2051 non

89 2059 227 2100 suerit.
292 2059 362 2101 Sic
395 2061 504 2099 enirn
535 2060 774 2100 Bernardus
816 2061 867 2100 de
898 2062 1178 2102 Moml'aueon
1215 2063 1255 2103 in
1287 2065 1499 2119 praelimi-

87 2115 253 2156 naribus
283 2117 335 2155 ad
365 2116 552 2171 Hexapla
585 2116 779 2168 Origenis
812 2133 900 2172 cap.
930 2119 960 2157 l.
991 2118 1161 2161 num.S.
1220 2121 1497 2169 „Samaritani

90 2183 131 2211 et
160 2172 252 2228 Syri
284 2173 485 2212 lectiones
519 2174 558 2212 in
590 2173 844 2224 marginibus
877 2174 1251 2215 vetustissimorum
1286 2180 1497 2234 exempla-

88 2228 209 2277 rium,
244 2245 346 2284 quae
377 2230 665 2284 Hexaplorum
693 2232 924 2281 h·ag1nenta
952 2231 1160 2281 exhibent,
1190 2249 1389 2289 persaepe
1422 2238 1499 2275 ob-

91 2296 324 2325 servantur:
385 2285 480 2342 Syri
526 2285 698 2340 quidem
737 2286 779 2325 in
825 2287 1039 2341 plerisque
1081 2289 1325 2343 Scripturae
1365 2291 1497 2342 libris,

92 2341 338 2381 Samaritani
377 2358 476 2381 vero
516 2342 558 2381 in
600 2342 887 2382 Pentateucho
918 2355 1102 2395 tantum3
1141 2346 1340 2389 ubi·non
1371 2347 1498 2389 infre-

83 2404 268 2451 'quenter
315 2397 679 2452 interpretationes
716 2399 964 2439 Samaritani
1002 2401 1327 2452 animadvertas,
1372 2405 1500 2445 inter-

94 2455 192 2493 dum
223 2455 352 2502 solas,
384 2454 545 2509 saepius
578 2471 672 2494 cum
712 2455 890 2495 aliorum
932 2456 1210 2513 interpretum
1249 2460 1500 2502 lectionibus

94 2510 277 2552 collatas.
336 2511 444 2552 Cum
475 2522 612 2551 autem
644 2511 740 2551 illae
780 2511 1030 2553 Samaritani
1073 2514 1296 2566 lectiones,
1340 2533 1426 2570 non
1458 2519 1500 2558 in

96 2566 264 2606 vetustis
304 2566 438 2608 Codd.
478 2578 661 2616 tantum,
707 2569 780 2608 sed
828 2569 952 2609 etiam
1000 2571 1113 2624 apud
1161 2572 1305 2612 Patres
1351 2575 1500 2629 quarti,

97 2621 252 2675 quinti,
305 2634 345 2662 et
381 2624 643 2678 sequentium
683 2625 946 2665 saeculorum
988 2639 1230 2677 occurrant,
1279 2632 1500 2683 probabile

96 2693 190 2716 sane
223 2679 406 2724 videtur,
440 2681 574 2734 ipsum
608 2680 833 2731 origenem
880 2682 1081 2723 lectiones
1121 2684 1212 2724 illas
1251 2687 1499 2727 Samaritani

96 2735 138 2772 iu
168 2734 348 2785 margine
385 2735 671 2790 Hexaplorum
701 2739 901 2792 posuisse.
965 2740 1081 2779 idem
1113 2757 1242 2795 porro
1275 2742 1499 2782 dicendum

101 2789 263 2828 videtur
293 2790 343 2828 de
373 2791 502 2846 Syro,
542 2792 656 2847 cujus
697 2794 1061 2849 interpretationes
1103 2797 1254 2851 passim
1286 2799 1501 2852 reperiun-

102 2856 166 2883 tur
196 2845 236 2884 in
269 2845 419 2886 Genesi
453 2859 488 2886 et
525 2849 684 2896 Exodo,
717 2850 756 2889 in
793 2851 962 2891 Psalmis
995 2852 1117 2900 item,
1147 2853 1189 2892 in
1220 2853 1423 2905 Jeremia,
1458 2855 1497 2894 in
