1759 3125
619 82 854 124 Excunsus
887 81 977 121 VH.
1421 78 1506 121 407

94 198 144 238 de
174 196 362 252 Princip.
395 211 484 250 cap.
515 193 576 244 6.,
606 194 679 233 ubi
712 210 758 234 ea
790 194 841 233 de
872 210 917 233 re
950 192 1079 232 fusius
1111 190 1298 239 disserit,
1329 189 1504 244 plurimi

93 274 369 323 concludunt,
419 270 591 311 sensisse
633 270 859 322 Origenem
904 268 1084 309 animam
1123 266 1300 315 Christi,
1346 282 1441 305 cum
1480 281 1504 306 a

89 350 186 391 Deo
217 366 298 389 una
329 366 422 389 cum
456 348 604 389 ceteris
637 359 773 388 creata
806 358 934 396 esset,
974 345 1139 400 optimo
1178 341 1302 384 liberi
1340 341 1502 382 arbitrii

89 444 166 466 usu
200 437 464 466 consecutam
497 441 607 476 esse,
649 437 695 465 ut
735 441 831 465 cum
861 424 1003 464 Verbo
1034 420 1296 479 hypostatice
1329 417 1502 475 conjun-

88 513 269 554 geretur,
301 502 418 542 locus
449 502 522 543 ille
542 503 670 558 paulo
691 499 922 542 accuratius
942 497 1234 539 examinandus
1258 508 1332 537 est.
1378 496 1502 536 Post-

88 595 213 634 quam
245 577 370 631 igitur
399 595 513 622 num.
545 580 587 623 2.
627 577 850 620 admonuit
882 576 1108 628 Origenes,
1147 590 1190 614 se
1229 574 1502 628 suspiciones

80 657 235 711 potius
273 668 407 710 quam
446 655 724 710 manifestas
765 655 941 710 aliquas
979 652 1324 706 affirmationes
1354 648 1502 689 allatu-

83 750 202 783 rum,
248 733 363 788 quod
393 745 638 786 argumento
672 744 753 782 est,
793 748 889 772 eum
928 730 989 771 his
1030 730 1082 770 de
1121 729 1246 769 rebus
1285 726 1391 767 nihil
1420 737 1501 765 sta-

83 821 202 849 tuere
231 826 376 849 ausum
409 826 510 859 esse,
541 810 642 850 haec
674 808 791 850 addit
819 826 934 850 num.
966 807 1005 851 3.
1038 819 1079 848 et
1107 805 1146 848 4.
1207 804 1370 846 Verum
1400 815 1500 842 cum

78 899 165 942 pro
197 884 333 927 liberi
359 888 555 928 arbitrii
569 886 815 941 facultate
832 889 1038 927 varietas
1068 892 1424 938 uteumquemque
1444 891 1500 919 ac

83 961 329 1005 diuersitas
369 962 603 1006 habuisset
640 965 920 1012 animorum,
966 968 1018 1002 ut
1057 960 1177 1001 alius
1215 955 1499 1005 ardentiore,

83 1040 204 1081 alius
233 1043 439 1082 tenuiore
468 1048 515 1082 et
543 1041 737 1082 exiliore
766 1051 884 1094 erga
915 1044 1153 1079 auctorem
1181 1048 1312 1076 suum
1342 1044 1499 1075 amore

83 1124 344 1159 teneretur:
391 1114 475 1158 illa
507 1118 689 1168 anima,
735 1114 790 1157 de
829 1128 919 1171 qua
958 1114 1079 1158 dizit
1118 1113 1268 1157 Jesus:
1313 1109 1437 1166 „quia
1460 1109 1496 1164 ¹)

80 1211 207 1234 nemo
239 1196 400 1235 auferet
429 1211 452 1235 a
483 1210 550 1234 me
581 1194 761 1235 animam
800 1198 995 1234 meam:“
1040 1189 1099 1233 ab
1139 1191 1272 1232 z‘nz'tz’o
1315 1193 1497 1230 creata-

80 1284 180 1322 rae,
210 1277 256 1312 et
286 1269 494 1327 deinceps
524 1270 902 1327 inseparabiliter
942 1271 990 1311 ei
1021 1275 1158 1324 atque
1188 1261 1497 1308 indissociabi-

81 1349 191 1391 liter
218 1347 491 1398 inhaerens,
532 1353 691 1403 utpote
718 1349 1000 1403 sapientiae,
1045 1353 1092 1388 et
1130 1341 1264 1386 verbo
1297 1342 1411 1394 Dei,
1451 1346 1495 1380 et

79 1428 286 1480 veritati,
318 1438 375 1466 ac
405 1425 498 1466 luci
523 1437 675 1477 verae,
707 1431 753 1466 et
784 1430 886 1465 tota
918 1429 1064 1465 totum
1094 1422 1329 1476 recipiens,
1360 1425 1496 1472 atque

78 1503 127 1544 iu
166 1503 262 1559 ejus
299 1502 442 1544 lacem
483 1500 852 1558 splendoremque
891 1503 991 1557 ipsa
1029 1497 1212 1548 cedens,
1255 1497 1392 1549 facta
1429 1502 1496 1535 est

80 1593 182 1622 cum
211 1582 305 1636 ipso
331 1580 658 1635 principaliter
687 1593 805 1620 umw
833 1579 1044 1634 spiritus,
1085 1577 1203 1617 sicut
1233 1581 1274 1617 et
1307 1574 1496 1629 Aposto-

81 1657 151 1698 lus
189 1655 278 1707 leis,
318 1658 396 1712 qui
435 1669 538 1697 eam
578 1658 765 1697 imitari
804 1653 1044 1704 deberent,
1084 1653 1344 1709 promittit,
1390 1650 1495 1704 quia

81 1733 236 1789 ‚,qui²)
268 1750 312 1774 se
342 1732 475 1792 jungit
503 1734 711 1783 Domino,
743 1750 848 1773 unus
878 1731 1051 1787 spiritus
1090 1736 1192 1770 est.“
1250 1728 1354 1770 llas:
1383 1737 1496 1780 ergo

77 1809 340 1853 substantia
377 1813 563 1852 animae
597 1812 725 1851 inter
756 1810 906 1851 Deum
945 1819 1218 1862 carnemque
1247 1802 1494 1855 mediante,

82 1914 133 1920 -—
165 1901 255 1929 uon
287 1891 407 1929 euim
434 1887 792 1943 possibile-erat,
825 1886 919 1928 Dei
946 1891 1170 1926 naturam
1200 1882 1383 1937 corpori
1400 1881 1496 1920 sine

79 1962 333 2006 mediatore
373 1966 557 2005 misceri
593 1989 665 2015 ——‚
714 1966 951 2012 nascitur,
998 1969 1050 2003 ut
1094 1959 1318 2008 diximus,
1370 1956 1497 1998 Deus

82 2041 224 2091 lzomo,
257 2042 341 2082 illa
369 2043 633 2083 substantia
662 2040 812 2082 ‘taedia
833 2041 1097 2089 exsistente,
1129 2038 1205 2077 cui
1222 2037 1373 2090 utique
1395 2045 1496 2074 cou-

79 2124 160 2159 tra
190 2126 414 2160 naturam
445 2132 534 2159 uon
576 2125 682 2160 erat
722 2129 882 2173 corpus
921 2128 1161 2158 assumere.
1228 2109 1321 2156 Sed
1358 2121 1497 2165 neque

78 2208 241 2238 rursus
270 2198 429 2237 anima
459 2196 554 2247 illa,
586 2202 740 2251 utpote
762 2193 1026 2236 substantia
1051 2189 1360 2239 rationabilis,
1392 2199 1495 2227 cou-

81 2279 164 2314 ἵνα
193 2279 416 2314 naturam
447 2271 608 2314 habuit
640 2285 804 2329 capere
836 2271 1003 2321 Deum,
1033 2273 1080 2312 iu
1112 2282 1253 2324 quem,
1285 2273 1338 2307 ut
1367 2276 1494 2319 supe-

80 2352 177 2392 rius
209 2347 430 2401 diximus,
460 2350 581 2392 velut
610 2352 658 2392 in
689 2351 900 2399 verbum,
930 2354 975 2390 et
1006 2348 1307 2404 sapientiam,
1338 2350 1382 2384 et
1413 2354 1492 2383 ve·-

82 2430 274 2469 ritatem
305 2432 407 2468 tota
444 2428 540 2479 jam
579 2434 791 2469 cesserat.
859 2424 987 2469 Unde
1026 2431 1071 2466 et
1108 2423 1270 2464 merito
1303 2432 1390 2476 pro
1429 2431 1492 2467 (ιο,

82 2505 155 2547 vel
179 2502 298 2560 quod
326 2511 425 2546 tota
458 2512 570 2545 esset
601 2507 647 2545 in
678 2504 795 2547 Filio
827 2503 936 2552 Dei,
977 2501 1049 2543 vel
1086 2507 1233 2546 totum
1263 2501 1309 2539 iu
1340 2511 1386 2538 se
1419 2509 1493 2537 ca-

79 2590 212 2639 peret
241 2581 411 2625 Filium
440 2582 544 2631 Dei,
575 2584 718 2623 etiam
748 2584 848 2637 ipsa
880 2592 977 2621 cum
1009 2592 1081 2633 ea,
1111 2590 1247 2633 quam
1277 2585 1494 2617 assumse-

83 2667 176 2712 rat,
209 2672 372 2708 carne,
402 2658 498 2700 Dei
522 2657 667 2700 Filius
695 2665 739 2700 et
770 2658 866 2700 Dei
890 2658 1036 2698 virtus
1046 2685 1060 2711 ‚
1094 2654 1299 2698 Christus
1329 2659 1373 2694 ec
1405 2651 1500 2693 Dei

207 2819 246 2875 ¹)
280 2819 365 2861 Csr.
397 2834 457 2860 ev.
489 2818 637 2860 Joann.
667 2817 722 2871 X,
754 2819 818 2864 18.
939 2819 981 2875 ²)
1015 2818 1102 2861 Cfr.
1137 2818 1156 2859 I
1189 2817 1286 2860 Cor.
1319 2816 1398 2864 Vl,
1430 2812 1494 2858 17.
