1759 3125
240 100 295 143 82
664 97 807 138 Parni
839 97 1055 137 DANJEIJS
1087 98 1252 139 HUETu

246 210 464 254 sudaverit
501 209 775 259 Antiochiae,
817 227 900 265 quo
943 210 1110 250 nonnisi
1151 221 1247 265 post
1280 219 1495 263 arreptum
1528 221 1670 246 recens

246 289 472 345 imperium
506 304 595 328 sese
625 304 801 344 usquam
835 287 1027 327 coniulit.
1099 286 1390 341 Quaecunque
1430 296 1568 324 autem
1603 284 1674 323 ad-

248 384 388 408 versus
420 367 526 405 hanc
555 366 804 406 sententiam
831 375 1072 417 argumenta
1104 364 1270 419 profert
1298 362 1531 410 Bai-onius,
1557 362 1595 416 ¹)
1627 370 1673 398 ut

247 442 474 500 postremis
524 442 692 498 imperii
734 443 849 483 annis
899 440 1063 483 Christo
1112 456 1271 480 nomen
1310 438 1558 493 Philippum
1603 437 1674 475 dc·

251 521 360 562 disse
390 520 558 575 probet,
593 538 639 560 ex
671 520 734 570 iis,
768 536 873 576 quae
906 517 1102 566 diximus,
1133 516 1256 557 facile
1274 516 1541 556 refelluntur.
1596 513 1673 554 Ca-

251 599 356 638 dunt
386 596 536 638 itidem
567 597 863 653 pronuntiatae
896 596 937 636 in
979 611 1070 634 eam
1100 611 1190 633 rem
1230 610 1252 634 a
1283 591 1557 645 Scaligero'2)
1591 607 1674 631 21·-

254 681 342 732 ρίαι
381 674 534 724 δόξαι·
574 674 633 714 sic
676 674 788 714 enim
831 675 958 713 effata
990 671 1078 728 ejus
1109 670 1297 726 appello,
1331 669 1481 725 quibus
1512 667 1676 722 Philip-

253 770 354 809 pum
387 753 439 792 ab
472 751 648 792 ecclesia
678 762 889 803 segregat,
929 761 1203 804 veterumque
1237 746 1573 789 Christianorum
1606 762 1677 784 au-

253 830 492 871 ctoritatem
524 829 768 884 proculcat,
800 844 884 868 uno
916 826 998 867 hoc
1028 826 1146 866 nixus
1178 836 1439 878 argumento,
1471 823 1587 879 quod
1617 822 1679 862 in-

251 908 403 964 juriam
436 906 605 948 Christo
639 905 810 953 faciunt,
844 903 916 960 qui
947 903 1167 943 hominem
1204 918 1399 958 nequam,
1431 914 1469 942 et
1501 898 1679 940 Domini

252 985 316 1025 sui
346 984 688 1032 interfectorem,
738 981 1022 1024 Christianum
1062 979 1150 1020 ausi
1182 991 1278 1019 sunt
1320 980 1473 1020 dicere.
1542 979 1604 1018 Ac
1645 976 1678 1015 si

253 1062 362 1102 nulli
400 1061 510 1102 inter
547 1059 806 1102 Christianos
845 1058 1009 1099 scelesti
1041 1056 1327 1112 reperiantur:
1368 1073 1414 1096 ac
1445 1055 1478 1096 si
1509 1054 1679 1110 nequis-

252 1139 348 1180 simi
390 1155 476 1179 non
517 1138 675 1178 fuerint
714 1136 988 1191 imperatores
1038 1135 1208 1190 quidam
1252 1132 1487 1175 Christiani.
1554 1132 1682 1172 Prae-

254 1229 368 1257 terea
406 1216 598 1256 nondum
640 1212 923 1254 Christianum
979 1212 1106 1252 fuisse
1148 1212 1395 1267 Philippum
1442 1209 1680 1259 docuimus,

255 1312 351 1334 cum
385 1293 537 1345 flagitia
568 1292 670 1333 haec
698 1290 877 1330 admisit.
944 1291 1033 1330 Nec
1073 1289 1176 1329 mihi
1216 1289 1344 1341 magis
1384 1287 1500 1328 Petri
1531 1287 1681 1327 Hallo-

254 1371 368 1427 xii3)
401 1371 608 1426 probatur
640 1366 895 1423 conjectura,
929 1380 1021 1406 cum
1049 1366 1277 1418 Origenem
1308 1382 1355 1406 ex
1389 1381 1440 1404 eo
1472 1364 1553 1421 jam
1577 1376 1681 1404 tem-

253 1463 374 1503 pore,
406 1463 490 1502 quo
525 1445 721 1487 Arabiam
753 1443 974 1499 petiverat,
1004 1444 1207 1499 Philippo
1239 1442 1500 1499 imperatori,
1529 1454 1680 1496 utpote

256 1523 408 1572 Arabi,
451 1534 493 1563 et
532 1521 693 1563 Bosfris
732 1531 852 1569 nato,
903 1520 1030 1560 fuisse
1076 1522 1290 1571 cognitum
1331 1519 1577 1575 suspicatur.
1646 1520 1680 1558 A

255 1618 389 1658 puero
422 1599 633 1656 siquidem
664 1597 813 1638 relicto
846 1596 985 1652 patrio
1025 1597 1119 1637 solo
1162 1596 1203 1636 in
1243 1597 1435 1637 militiam
1467 1597 1683 1652 profectus

257 1672 442 1719 creditur
489 1677 728 1732 Philippus.
807 1675 863 1716 Et
912 1686 961 1715 ut
1006 1675 1198 1714 nondum
1246 1673 1380 1729 patria
1430 1673 1684 1724 excessisset,

257 1772 440 1812 quonam
470 1752 923 1807 argumento'probari
955 1763 1097 1807 potest
1126 1750 1342 1791 bominem
1372 1753 1553 1791 obscuro
1586 1751 1684 1791 loco

259 1847 428 1883 uatum,
467 1845 508 1872 et
538 1833 735 1871 fortunae
765 1829 926 1879 tenuis,
968 1829 1010 1869 in
1049 1829 1246 1869 notitiam
1277 1828 1470 1880 Origenis
1511 1828 1683 1876 venisse,

259 1912 337 1952 viri
367 1910 525 1963 magnis
558 1910 609 1948 de
649 1909 774 1948 rebus
813 1908 864 1947 ad
904 1907 1005 1947 haec
1045 1907 1137 1946 loca
1170 1906 1306 1955 missi,
1355 1918 1397 1946 et
1435 1905 1684 1957 gravissimis

258 1987 436 2040 negotiis
467 1983 675 2026 districti?
735 1983 850 2037 Quid
899 1995 959 2023 est
1001 1982 1221 2031 hariolari,
1260 1983 1319 2022 sic
1358 1983 1438 2022 hoc
1478 1999 1562 2022 non
1597 1983 1684 2023 est?

259 2065 439 2107 Minime
478 2074 617 2103 autem
660 2060 852 2100 omnium
893 2059 1124 2098 audiendus
1169 2058 1234 2098 vir
1272 2060 1483 2109 eruditus,
1528 2059 1599 2114 qui
1641 2060 1681 2100 iu

258 2139 614 2183 Annotationibus
659 2138 710 2177 ad
750 2137 1039 2191 Nicephorum
1058 2135 1098 2191 ⁴)
1138 2135 1328 2176 Fabiano
1359 2152 1492 2191 papae
1524 2137 1684 2187 tribuit,

260 2221 377 2276 quod
407 2233 492 2257 uno
526 2231 730 2256 consensu
762 2214 965 2254 Leontius
996 2214 1305 2263 Antiocloenus,
1347 2214 1683 2271 Chrysostomus,

240 2305 301 2332 'et
334 2309 381 2333 ex
412 2291 594 2333 Leontio
639 2290 839 2331 Chronici
885 2289 1157 2329 Alexandrini
1196 2303 1344 2331 auctor
1386 2292 1572 2349 Babjlae
1610 2293 1683 2332 tri·
1711 2332 1721 2341 ‚

258 2372 456 2410 buerunt.
513 2371 611 2410 Non
641 2367 724 2426 jam
757 2367 950 2422 disputo,
1002 2383 1202 2408 verumne
1244 2368 1296 2409 sit
1328 2371 1444 2424 quod
1477 2369 1683 2425 conjectat

379 2564 416 2620 ¹)
449 2563 538 2605 Cfr.
572 2563 727 2604 Bar-on.
759 2563 811 2604 ad
844 2578 936 2603 ann.
968 2562 1067 2605 246.
1099 2579 1213 2604 num.
1244 2563 1282 2605 2.
1314 2563 1352 2606 3.
1385 2564 1423 2605 4.

373 2634 416 2687 ²)
449 2634 534 2675 Cfr.
587 2633 737 2685 Scalig.
784 2632 826 2673 in
879 2633 1097 2675 AnimadV.
1146 2634 1188 2673 in
1239 2634 1395 2676 Chron.
1436 2634 1589 2677 Euseb.
1629 2636 1681 2675 ad

257 2709 348 2734 ann.
381 2689 506 2735 2260.

371 2763 412 2819 ³)
446 2761 535 2803 Cfr.
567 2761 735 2801 Hallox.
769 2759 885 2812 Orig.
919 2761 1076 2801 defens.
1112 2759 1182 2800 lib.
1217 2760 1248 2800 Ι,
1282 2776 1370 2814 cap.
1406 2759 1469 2802 18.

369 2832 411 2887 ⁴)
444 2830 531 2872 Cfr.
564 2828 794 2885 Nicephor.
827 2829 900 2872 lib.
933 2830 982 2872 V.
1017 2846 1106 2886 cap.
1138 2829 1206 2871 25.
