1759 3125
284 97 367 143 354
822 99 1061 142 Excunsus
1092 99 1166 142 111.

283 214 334 255 iis
365 213 594 255 maximum
624 212 880 269 praesidium
911 211 1128 269 praeripit,
1159 214 1274 269 quod
1307 213 1385 255 sibi
1417 214 1458 255 in
1489 215 1552 257 his
1583 217 1704 259 Chri-

281 292 334 334 sti
365 292 502 334 verbis
533 290 849 334 constituerant.

391 372 467 412 llI.
527 370 688 410 Filium
727 370 836 410 inter
874 369 993 409 Deos
1033 368 1167 409 factos
1204 385 1469 427 nequaquam
1500 385 1701 413 recenset.

281 449 438 492 Statuit
469 448 542 488 ille
574 447 768 503 quidem,
801 446 1004 503 quicquid
1035 446 1152 486 Deus
1185 446 1361 497 dicitur,
1392 461 1560 503 praeter
1591 466 1701 499 eum,

279 527 352 583 qui
385 538 446 567 est
475 542 497 566 a
528 542 570 566 se
601 526 740 575 Deus,
777 525 821 565 id
862 522 1188 579 participatione
1221 524 1449 566 divinitatis
1480 526 1614 567 Patris
1645 527 1702 568 ita

277 603 510 660 appellari;
545 604 619 644 sed
659 603 776 643 Deos
806 603 904 642 illos
936 602 1072 641 factos
1104 601 1198 642 latis
1229 602 1383 643 finibus
1415 618 1437 642 a
1466 602 1583 644 Filio
1616 604 1700 645 dis-

275 683 422 723 cernit.
491 681 565 722 Dii
606 681 692 730 illi,
732 691 779 720 ut
815 695 901 720 non
940 679 1078 718 multo
1128 690 1223 718 ante
1271 679 1467 734 exposuit
1508 680 1634 722 Tom.
1668 683 1698 723 l.

271 778 388 802 num.
420 759 513 810 34„
543 770 639 799 sunt
680 770 841 799 certum
878 756 1055 812 aliquod
1091 772 1218 808 genus
1257 757 1503 809 angelorum
1533 758 1695 799 thronis

272 849 315 878 et
358 836 665 894 principatibus
703 834 907 891 superius.
975 834 1065 876 Hos
1103 834 1222 874 Deos
1261 835 1406 875 vocari
1445 835 1607 887 colligit
1648 852 1696 875 ex

270 916 333 956 his
379 914 625 969 Scripturae
671 912 831 953 verbis:
888 913 1032 962 „Deus
1052 912 1091 969 ¹)
1131 913 1325 953 Deorum
1374 912 1541 953 locutus
1589 917 1694 954 est.“

268 991 628 1047 ‚,Confitemini2)
660 991 757 1031 Deo
791 991 1029 1031 Deorum.“
1089 990 1137 1029 In
1170 991 1253 1030 hoc
1282 1001 1446 1030 tantum
1476 989 1551 1029 llos
1573 989 1692 1029 Deos

269 1089 366 1112 cum
395 1070 512 1111 Filio
545 1080 785 1124 comparat,
824 1068 941 1123 quod
980 1066 1118 1107 neutri
1155 1066 1239 1107 sint
1268 1084 1290 1108 a
1319 1084 1362 1108 se
1394 1068 1534 1117 Deus,
1573 1068 1690 1122 quod

265 1149 402 1190 Filius
432 1149 485 1189 sit
513 1148 651 1199 imago
683 1146 833 1195 Patris,
865 1144 934 1185 isti
964 1144 1165 1197 imagines
1196 1145 1311 1186 Filii.
1367 1145 1586 1199 Quantum
1617 1161 1689 1185 au-

263 1239 350 1267 tem
380 1226 492 1267 inter
530 1237 733 1280 utrosque
771 1223 957 1272 intersit,
994 1223 1138 1264 multis
1175 1224 1299 1263 rebus
1339 1224 1543 1264 declarat:
1588 1240 1686 1263 nam

260 1304 400 1344 Filius
431 1303 544 1358 apud
574 1302 744 1342 Patrem
776 1311 837 1341 est
865 1316 1034 1354 semper
1059 1300 1189 1350 Deus,
1220 1301 1270 1340 ab
1300 1300 1395 1355 ipso
1423 1301 1590 1341 trahens
1622 1301 1687 1340 di-

262 1381 503 1422 vinitatem:
554 1391 595 1420 at
634 1377 704 1419 isti
742 1394 820 1418 nec
861 1378 973 1432 apud
1013 1377 1208 1427 Patrem,
1255 1392 1333 1417 nec
1374 1379 1488 1433 apud
1519 1378 1682 1418 Filium

260 1471 356 1500 sunt
385 1473 554 1513 semper
580 1455 670 1507 Dii,
700 1471 779 1495 nec
810 1470 832 1495 a
862 1454 978 1495 Filio
1011 1454 1275 1495 divinitatem
1305 1456 1486 1497 trahunt.
1544 1455 1681 1496 Filius

258 1554 280 1578 a
310 1537 407 1577 Deo
440 1534 591 1584 haurit,
622 1534 734 1574 unde
765 1533 863 1573 illos
880 1533 997 1573 Deos
1031 1532 1200 1583 efficiat,
1230 1532 1358 1588 idque
1389 1550 1469 1589 pro
1500 1550 1572 1575 sua
1602 1535 1680 1574 bo—

253 1615 406 1666 nitate3
437 1625 479 1654 at
507 1612 572 1653 illi
602 1628 622 1652 a
654 1610 768 1653 Filio
800 1626 886 1650 non
918 1609 1129 1653 hauriunt.

368 1693 487 1734 Idem
520 1688 746 1731 discrimen
779 1689 1088 1728 observandum
1120 1689 1163 1729 in
1192 1689 1277 1739 his,
1309 1703 1414 1744 quae
1444 1700 1677 1745 sequuntur

253 1783 369 1812 num.
401 1769 440 1814 3.
496 1767 604 1810 Ἀλλ’
640 1767 739 1810 ἐπεὶ
779 1764 897 1814 εἰκὸς
926 1764 1215 1822 προσκόψειν
1255 1766 1378 1815 τινὰς
1417 1772 1508 1815 τοῖς
1549 1769 1673 1821 εἴρη-

251 1855 419 1907 μένοις,
452 1846 553 1895 ἑνὸς
590 1847 677 1902 μὲν
718 1843 939 1898 ἀληθινοῦ
978 1847 1090 1887 θεοῦ
1122 1847 1200 1887 τοῦ
1231 1843 1401 1901 πατρὸς
1432 1844 1670 1901 ἀπαγγελ-

250 1932 470 1986 λομένου,
510 1922 637 1980 παρὰ
678 1921 731 1966 δὲ’
768 1920 849 1965 τὸν
889 1920 1112 1976 ἀληθινὸν
1150 1921 1262 1966 θεὸν
1292 1924 1415 1966 θεῶν
1443 1921 1670 1966 πλειόνων

248 2009 298 2066 τῇ
327 2005 494 2063 μετοχῇ
527 2004 604 2045 τοῦ
636 2003 748 2044 θεοῦ
779 2005 1052 2056 γινομένων,
1084 1999 1446 2056 εὐλαβουμένους
1475 1999 1557 2054 τὴν
1586 2004 1665 2042 τοῦ

247 2086 404 2126 πᾶσαν
434 2085 579 2123 κτίσιν
608 2077 904 2134 ὑπερέχοντος
947 2075 1089 2127 δόξαν
1130 2078 1341 2127 ἐξισῶσαι
1370 2082 1463 2124 τοῖς
1490 2079 1668 2125 λοιποῖς

245 2163 321 2214 τῆς
362 2156 471 2205 Θεὸς
499 2160 811 2213 προσηγορίας
850 2154 1147 2211 τυγχάνουσι,
1188 2152 1303 2211 πρὸς
1340 2156 1389 2212 τῇ
1429 2152 1663 2197 ἀποδεδο-

242 2242 356 2298 μὲμῃ
393 2236 619 2292 (Ῡιαᾳορᾷ,
667 2232 768 2275 καθ’
803 2228 860 2285 ἣν
901 2230 1169 2288 ἐᾳὰσκομεν
1205 2233 1321 2273 πᾶσι
1364 2236 1456 2278 τοῖς
1486 2234 1663 2281 λοιποῖς

243 2320 368 2363 θεοῖς
399 2311 618 2355 διάκονον
649 2306 761 2354 εἶναι
795 2312 870 2361 τῆς
899 2310 1111 2362 θεότητος
1141 2309 1221 2351 τὸν
1254 2307 1365 2352 θεὸν
1395 2307 1549 2365 λόγον,
1583 2314 1659 2353 καὶ

240 2392 405 2446 ταύτην
435 2392 761 2445 παραστατέον.
815 2385 864 2430 ‘0
895 2387 988 2443 γάρ
1019 2388 1067 2429 ἐν
1098 2385 1270 2442 ἑκάστῳ
1301 2384 1436 2443 λόγος
1457 2390 1546 2429 τῶν
1575 2390 1657 2430 λο-

237 2473 383 2529 γικῶν
413 2470 574 2510 τοῦτον
614 2465 694 2508 τὸν
731 2463 872 2520 λόγον
910 2466 997 2520 ἔχει
1037 2462 1150 2519 πρὸς
1179 2464 1260 2506 τὸν
1292 2465 1341 2506 ἒν
1371 2464 1483 2522 ἀρχῇ
1514 2462 1656 2520 λόγον

236 2546 350 2604 πρὸς
382 2545 461 2588 τὸν
491 2542 617 2594 θεὸν,
649 2538 757 2585 ὄντα
788 2541 929 2597 λόγον
950 2539 1072 2590 θεὸν,
1107 2538 1160 2584 ὃν
1192 2540 1213 2585 ὁ
1244 2541 1347 2590 θεὸς
1377 2542 1510 2598 λόγος
1543 2544 1655 2598 πρὸς

235 2624 315 2670 τὸν
346 2622 470 2668 θεόν.
529 2621 605 2669 Ὡς
634 2619 722 2679 γὰρ
754 2618 983 2669 αὐτόθεος,
1014 2623 1090 2661 καὶ
1122 2619 1336 2673 ἀληθινὸς
1367 2620 1472 2669 θεὸς
1503 2620 1524 2665 ὁ
1558 2639 1651 2664 πα-

353 2778 392 2834 1)
425 2776 577 2816 Psalm.
612 2776 657 2825 L,
689 2776 725 2817 1.
758 2774 953 2830 (XLIX.)

349 2849 392 2903 2)
422 2845 574 2888 psalm.
608 2846 844 2897 CXXXVI,
875 2844 915 2888 2.
946 2843 1206 2900 (CXXXV.)
