1759 3125
265 37 350 84 278
679 45 818 87 Pss'rm
848 46 1063 89 DANJEus
1101 48 1265 91 Hui-:Tu

273 168 388 195 num.
420 154 480 205 1.,
518 168 561 197 et
590 169 813 214 postquam
852 160 1079 214 quaesivit,
1118 178 1169 202 an
1208 178 1416 203 summam
1447 162 1690 202 beatitatem
1748 182 1758 202 ι

273 229 453 285 adeptae
481 232 643 274 ratione
681 235 893 291 pollentes
930 239 1099 278 naturae
1141 256 1294 295 corpus
1334 239 1502 295 penitus
1545 255 1693 279 exuere

277 307 454 362 possint,
484 310 648 367 sibique
680 313 722 354 id
754 311 1080 369 difficillimum
1112 322 1156 357 et
1185 330 1300 372 pene
1330 314 1602 373 impossibile
1639 316 1697 355 vi-

280 384 371 424 deri
411 385 535 439 dixit;
575 389 846 447 addiditque,
898 392 1015 446 quod
1054 404 1095 433 et
1134 394 1325 449 sequenti
1367 393 1502 449 capite
1544 393 1698 433 iterum
1752 408 1754 410 ·

278 475 473 518 usurpat,
511 482 678 508 necesse
718 469 810 508 sore
852 468 893 508 in
924 469 1104 510 nibilum
1137 471 1272 522 redigi
1303 488 1551 527 corpoream
1584 482 1702 510 natu-

279 553 390 590 ram,
441 545 800 597 quemadmodum
842 546 893 585 de
933 546 1067 586 nihilo
1108 546 1188 586 suit
1231 560 1472 602 procreata,
1511 548 1545 587 si
1587 547 1701 588 utilis

283 630 370 656 esse
404 617 635 663 desineret:
674 633 764 663 tum
795 622 938 663 subdit
967 640 1081 664 num.
1113 623 1174 666 2:
1215 623 1268 667 Si
1295 637 1400 666 vero
1431 624 1702 680 impossibile

283 697 351 733 est
382 692 465 738 hoc
494 697 584 739 ullo
615 698 744 741 modo
776 699 1034 756 affirmari,
1063 698 1114 742 id
1142 707 1223 751 est,
1256 700 1375 757 quod
1403 704 1550 743 m'cere
1567 714 1704 756 prae-

285 775 359 811 ter
396 786 557 830 corpus
587 779 732 832 possit
761 777 860 818 ulla
889 777 987 820 alia
1028 786 1231 832 natura,
1272 786 1468 834 praeler
1498 778 1706 830 Patrem,
1758 831 1759 834 Ἴ

285 854 332 889 et
361 847 546 903 Filium,
576 858 622 894 et
651 853 875 910 Spiritum
904 863 1128 905 sanctum,
1161 859 1409 897 necessitas
1438 868 1707 911 consequen·
1758 872 1759 896 ι

285 926 382 967 tiae
413 940 469 968 ac
499 931 699 973 ration-is
737 939 951 975 coarctat
990 933 1215 989 intelligi,
1255 932 1582 989 principaliter
1613 933 1707 988 qui·
1744 958 1747 965 ·

287 998 389 1044 dem
420 1014 605 1050 creatas
623 1009 662 1064 ¹)
703 1021 796 1051 esse
826 1009 1131 1052 rationabiles
1161 1016 1386 1059 naturas;
1415 1009 1708 1051 materialem

286 1090 391 1122 vero
421 1084 732 1128 substantiam
763 1089 970 1143 opinione
1009 1085 1186 1142 quidem
1227 1093 1270 1129 et
1302 1086 1539 1129 intellecta
1568 1086 1734 1127 solum·

286 1163 506 1214 separari
531 1163 590 1203 ab
621 1164 700 1214 iis,
738 1170 783 1205 et
808 1177 896 1220 pro
927 1166 1056 1220 ipsis,
1097 1164 1168 1206 vel
1201 1170 1304 1220 post
1343 1165 1466 1220 ipsas
1495 1163 1710 1217 effectam

290 1234 457 1289 videri,
498 1237 580 1281 sed
607 1253 839 1296 nunquam
868 1242 965 1283 sine
997 1243 1097 1298 ipsa
1125 1254 1204 1283 eas
1234 1241 1306 1283 vel
1332 1243 1520 1295 vixisse,
1551 1239 1624 1282 vel
1649 1242 1742 1291 ml,

290 1324 414 1357 vere:
450 1315 589 1358 solius
627 1330 825 1374 namque
869 1317 1115 1360 Trinitatis
1153 1321 1425 1374 incorporea
1463 1319 1561 1359 vita
1592 1319 1712 1360 exsi-

291 1396 412 1432 stere
451 1399 578 1435 recte
611 1396 872 1450 putabitur.
948 1395 1064 1435 Haec
1110 1394 1344 1434 insectandi
1385 1393 1581 1447 Origenis
1621 1394 1713 1435 viro

293 1482 444 1520 magno
475 1471 759 1525 praebuerunt
786 1484 1091 1525 argumentum,
1123 1472 1239 1527 quod
1265 1488 1358 1512 cum
1379 1472 1550 1525 angelos
1582 1483 1623 1513 et
1652 1488 1717 1513 ra-

293 1544 421 1586 tionis
453 1564 625 1603 capaces
656 1549 811 1591 animas
843 1549 971 1603 longo
1003 1549 1227 1590 intervallo
1259 1549 1511 1605 corporibus
1536 1549 1715 1591 caruisse

295 1623 400 1664 alibi
431 1625 602 1676 dixerit,
650 1626 696 1667 id
744 1638 883 1668 tamen
922 1626 1014 1667 fieri
1043 1643 1129 1667 non
1160 1643 1283 1682 posse
1323 1626 1389 1666 hic
1431 1626 1717 1668 affirmaverit.

296 1700 456 1742 Verum
485 1719 552 1744 res
582 1703 706 1744 aliter
733 1721 776 1745 se
806 1705 954 1757 habet3
983 1704 1140 1760 nam²)
1183 1721 1414 1760 corporeos
1445 1704 1615 1760 quidem
1648 1721 1719 1745 an-

296 1778 413 1831 gelos
445 1791 486 1821 et
515 1781 671 1822 animas
701 1798 848 1823 revera
878 1798 989 1832 csse,
1037 1781 1232 1833 Origenis
1263 1781 1412 1837 opinio
1444 1781 1537 1831 suit,
1568 1782 1639 1822 sed
1673 1798 1719 1823 ea

297 1866 436 1898 tamen
466 1870 644 1914 propter
673 1844 878 1912 insignem
908 1859 1207 1909 subtilitatem,
1241 1863 1335 1899 cum
1367 1858 1541 1914 reliquis
1572 1859 1720 1900 mundi

299 1934 549 1989 corporibus
593 1949 857 1992 comparata,
897 1935 1156 1993 spiritualia,
1197 1947 1242 1976 ut
1283 1937 1551 1976 ostendemus
1590 1936 1720 1991 paulo

299 2022 411 2065 post,
442 2024 483 2053 et
513 2012 765 2069 incorporea
799 2013 881 2054 dici
913 2031 1056 2069 posse:
1097 2013 1286 2069 quamvis
1317 2029 1414 2065 ergo
1447 2028 1540 2053 ante
1572 2013 1720 2055 mundi

299 2087 420 2145 hujus
454 2090 651 2145 corporei
689 2090 906 2146 opificium
947 2090 1116 2131 condita
1158 2106 1203 2130 ea
1235 2089 1412 2139 fuerint,
1445 2106 1627 2146 corpore
1661 2103 1721 2132 ta-

302 2181 399 2205 men
428 2166 493 2205 sui
523 2165 684 2217 generis
714 2166 840 2207 fuisse
871 2167 1094 2219 instructa;
1133 2183 1179 2207 ac
1218 2183 1269 2207 ne
1299 2166 1342 2207 in
1374 2167 1514 2222 primo
1547 2164 1735 2224 quidem¹

303 2242 383 2283 illo
414 2253 525 2283 statu
555 2242 628 2283 diu
657 2259 965 2298 perseverasse,
1007 2246 1081 2285 sed
1112 2244 1292 2284 admisso
1324 2244 1464 2284 statim
1495 2257 1732 2301 postquam·

306 2332 443 2360 creata
472 2331 568 2360 sunt
596 2331 800 2376 peccato,
850 2319 891 2359 in
933 2321 1134 2362 crassiora
1174 2321 1378 2362 continuo
1412 2338 1591 2378 corpora
1623 2340 1732 2379 sup--

305 2397 426 2452 plicii
457 2413 596 2438 caussa
626 2397 752 2438 fuisse
784 2397 993 2440 immersa.
1061 2398 1234 2439 Praeter
1270 2399 1489 2456 superiora
1529 2400 1720 2444 testimo-

305 2474 386 2525 nia,
418 2474 569 2530 quibus
600 2474 753 2527 angelis
785 2491 937 2530 corpus
964 2474 1190 2527 affingitur,
1220 2476 1431 2517 recitanda
1461 2493 1629 2534 quoque
1662 2493 1719 2528 ea,

428 2710 467 2765 ¹)
497 2709 609 2750 Edd.
639 2710 809 2752 Huetii:
842 2718 1121 2755 coarctatas.

426 2782 469 2836 2)
499 2779 606 2825 Vide
627 2781 756 2837 paulo
775 2780 882 2822 infra
904 2784 1053 2824 observ
1045 2783 1218 2826 ationcs
1238 2796 1399 2826 nostras
1422 2784 1463 2826 in
1480 2802 1592 2826 num.
1605 2786 1656 2827 V.
1664 2754 1712 2827 'R
