1759 3125
285 73 368 120 306
700 69 840 113 Pss'rm
878 70 1093 114 DAmEus
1123 71 1287 114 HUETu

289 198 373 244 que
396 192 589 244 peccato
630 185 842 242 nullus¹)
882 187 982 244 sit,
1007 191 1053 226 et
1093 183 1310 242 sidera2)
1350 188 1452 242 ipsa
1490 199 1580 228 non
1619 189 1710 228 sint

288 262 466 307 munda
497 275 654 306 coram
682 262 809 318 De0,
849 263 1078 318 omnisque
1118 270 1344 305 creatura
1375 270 1548 320 paveat
1583 277 1712 305 crea-

286 345 403 385 toris
432 339 693 383 adventum.
772 338 902 383 Unde
932 346 978 381 et
1008 352 1129 381 crux
1157 339 1419 384 Salvatoris
1449 354 1540 382 non
1571 342 1715 383 solum

285 434 355 472 ea,
388 431 504 475 quae
533 420 582 460 in
612 424 758 470 terra,
789 415 872 459 sed
897 419 1041 458 etiam
1071 430 1140 468 ea,
1173 431 1288 473 quae
1318 422 1365 461 in
1397 421 1531 462 coelis
1560 426 1712 470 erant,

282 508 512 555 purgasse
536 492 832 553 perhibetur:
872 506 912 534 et
948 495 1078 550 paulo
1117 495 1310 550 superius
1340 496 1382 537 in
1413 497 1535 554 hujus
1567 497 1714 554 capitis

288 592 394 617 vers.
425 573 494 618 20.
551 572 607 617 Si
633 578 790 614 autem
819 578 927 613 sunt
955 574 1264 628 principatus,
1297 581 1342 614 et
1365 581 1636 629 potestates,
1667 582 1713 616 et

286 655 507 707 virtutes,
546 658 592 693 et
623 648 985 701 dominationes,
1025 663 1203 692 necesse
1232 657 1301 692 est
1330 658 1385 692 ut
1414 659 1460 693 et
1490 653 1714 708 subJ‘ectos

287 727 506 779 habeant,
537 733 582 770 et
613 729 827 769 timentes
854 739 925 778 se,
956 734 1003 769 et
1031 729 1280 770 servientes
1307 729 1418 777 sibi,
1447 733 1491 769 et
1522 740 1608 779 eos,
1640 730 1717 783 qui

285 821 373 850 sua
432 803 687 848 ortitudine
723 805 1016 846 roborentur.
1089 805 1218 857 Quae
1257 803 1604 848 distributiones
1634 806 1713 860 of-

273 885 522 941 ficiorum,
560 895 653 924 non
689 882 834 924 solum
871 884 1335 939 impraesentiarum,
1383 881 1466 925 sed
1490 885 1634 925 etiam
1662 886 1712 926 in

272 963 448 1019 futuro
478 960 660 1003 saeculo
691 966 843 1012 erunt,
873 966 925 1001 ut
948 973 1038 1016 per
1061 960 1266 1017 singulos
1287 960 1541 1016 profectus,
1573 969 1618 1003 et
1636 960 1712 1002 lzo-
1754 956 1759 972 ¹

285 1053 434 1092 nores,
463 1046 511 1081 et
540 1036 871 1090 adscensiones‚
902 1043 948 1079 et
979 1035 1303 1093 descensioneS,
1335 1039 1604 1081 veterescat
1627 1040 1714 1082 ali-

285 1122 404 1177 quis,
445 1117 519 1160 vel
552 1113 810 1169 decrescat,
849 1123 895 1157 et
933 1113 1015 1157 sub
1047 1115 1146 1157 alia
1176 1123 1312 1172 atque
1343 1117 1440 1158 alia
1465 1124 1714 1173 potestate,

284 1200 484 1246 virtute,
508 1195 808 1251 principatu,
848 1201 895 1236 et
933 1191 1249 1236 dominatione
1264 1192 1382 1248 fiat.
1439 1198 1579 1250 Atque
1608 1196 1713 1236 haec

285 1293 382 1317 cum
412 1271 559 1315 Rufini
589 1271 990 1327 reprehensionibus
1023 1282 1065 1312 et
1088 1272 1273 1312 censuris
1299 1271 1501 1324 exagitata
1521 1272 1713 1327 fuissent,
1742 1278 1755 1291 ⁸

284 1354 343 1396 sic
376 1366 572 1393 excusare
604 1360 781 1390 conatur
800 1348 1170 1405 Hieronymus:³)
1200 1347 1282 1389 δίη
1314 1355 1471 1390 autem
1494 1356 1638 1405 putat
1666 1357 1712 1392 et

281 1429 453 1474 idcirco
483 1440 554 1469 me
586 1425 836 1482 Origenem
863 1428 1001 1481 sequi,
1032 1426 1138 1482 qaia
1163 1425 1404 1481 profectus
1433 1432 1479 1467 et
1508 1424 1714 1480 honores,
1757 1434 1759 1440 ⁴

284 1506 624 1555 adscensiones‚
654 1510 701 1545 et
730 1500 1063 1556 descensiones,
1093 1505 1394 1552 incrementa,
1426 1510 1472 1544 et
1501 1505 1713 1546 imminu-

284 1588 430 1630 tiones
460 1585 510 1625 in
541 1583 826 1639 expositione
865 1593 970 1623 mea
995 1583 1149 1638 posui,
1189 1584 1308 1623 sciat
1337 1581 1533 1622 multum
1562 1583 1709 1623 inter-

283 1678 391 1717 esse,
423 1660 478 1705 de
510 1657 706 1716 angelis,
740 1664 786 1700 et
801 1656 1060 1714 Seraphim,
1094 1665 1140 1701 et
1168 1657 1414 1701 Cherubim
1433 1655 1585 1702 dicere
1603 1656 1711 1700 dae-

283 1753 462 1796 mona,
501 1745 548 1781 et
579 1736 782 1779 homines
797 1735 940 1791 fieri,
981 1734 1101 1792 quod
1131 1736 1352 1792 affirmat
1384 1736 1633 1792 Origenes,
1663 1743 1710 1779 et

282 1823 401 1879 ipsos
428 1821 555 1860 inter
592 1827 638 1856 se
679 1813 871 1870 angelos
901 1811 1086 1856 diversa
1117 1813 1378 1869 officiorum
1405 1827 1589 1870 genera
1618 1828 1711 1856 esse

283 1899 494 1947 sortitos,
542 1890 663 1950 quod
698 1891 914 1934 ecclesiae
953 1904 1044 1932 non
1083 1899 1333 1949 repugnat.
1407 1889 1635 1944 Quomodo
1665 1899 1709 1934 et

284 1978 411 2018 inter
451 1971 654 2014 homines
691 1967 802 2011 ordo
843 1967 1133 2025 dignitatum
1172 1982 1234 2012 ex
1271 1970 1444 2012 laboris
1477 1971 1712 2011 varietate

284 2049 488 2094 diversus
516 2054 598 2098 est,
630 2059 731 2090 cum
761 2048 991 2103 episcopus
1021 2052 1068 2088 et
1090 2044 1358 2102 presbyter,
1389 2053 1436 2087 et
1466 2048 1610 2087 omnis
1640 2059 1711 2088 ec-

286 2127 566 2173 clesiasticus
594 2122 779 2179 gradus
820 2123 994 2164 habeat
1029 2121 1236 2165 ordinem
1272 2135 1424 2173 suum,
1469 2130 1516 2164 et
1551 2129 1710 2165 tamen

285 2219 438 2250 omnes
467 2202 669 2246 homines
697 2206 831 2243 sunt:
865 2202 931 2241 sic
960 2206 1006 2241 et
1036 2202 1162 2242 inter
1192 2202 1384 2257 angelos
1413 2203 1586 2242 merita
1617 2215 1711 2244 esse

285 2285 479 2333 diversa,
512 2287 559 2323 et
589 2286 746 2322 tamen
776 2280 822 2319 in
854 2277 1073 2333 angelica
1104 2290 1257 2319 omnes
1282 2280 1528 2334 persistere
1558 2277 1710 2335 digni-

285 2371 398 2418 tate,
430 2372 514 2403 nec
543 2355 598 2400 de
629 2355 811 2412 angelis
841 2353 1043 2396 homines
1060 2354 1198 2410 fieri,
1239 2368 1323 2397 nec
1352 2369 1537 2397 rursum
1569 2355 1710 2399 leomi-

284 2455 364 2484 nes
393 2442 442 2482 in
473 2434 664 2492 angelos
692 2433 960 2487 reformari.
1028 2433 1124 2474 Hoc
1164 2432 1357 2487 Origenis
1398 2433 1508 2474 inter
1538 2446 1581 2474 et
1607 2434 1709 2475 Hie-

283 2516 453 2577 ronymi
483 2512 722 2557 doctrinam
750 2511 936 2561 interest,
969 2511 1085 2567 quod
1108 2510 1232 2552 unius
1264 2526 1352 2551 esse
1382 2522 1555 2552 naturae
1585 2528 1707 2565 ange-

401 2693 442 2750 l)
476 2690 562 2733 Cfr.
592 2688 691 2730 Job.
722 2688 819 2739 XV,
849 2686 914 2730 14.

397 2763 441 2820 ²)
475 2762 564 2803 Cfr.
593 2758 694 2803 Job.
722 2758 858 2809 XXV,
890 2757 927 2800 5.

399 2835 444 2890 3)
476 2831 564 2875 Cfr.
595 2828 773 2874 Hieron.
802 2828 931 2886 Apol.
964 2828 1123 2870 advers.
1155 2827 1294 2870 Rufin.
1326 2826 1400 2871 lib,
1435 2829 1467 2870 I.
1502 2845 1589 2885 cap.
1625 2828 1663 2872 G.

1757 1443 1759 1490 ἢ

1753 1514 1759 1639 2¹
