1759 3125
471 105 858 146 OfflGExtANormm
890 104 1030 143 Lmen
1061 104 1091 142 Ι.
1433 104 1486 148 63

78 229 319 273 perspecta,
362 232 407 256 ea
447 227 670 270 utrumque
704 213 979 262 humanitate,
1011 230 1056 253 ca
1090 215 1288 254 comitate
1319 231 1485 256 morum

76 295 117 334 in
149 294 210 334 sui
242 309 428 333 amorem
458 292 604 342 traxit,
645 304 686 332 et
725 290 1110 339 adhortationibus,
1140 290 1397 347 'scriptisque
1435 294 1486 333 ad

76 372 327 423 Gregorium
368 369 524 410 libellis
563 370 615 409 ad
655 370 853 409 virtutem
885 368 942 407 ita
974 367 1149 417 arrexit,
1181 379 1227 408 ut
1257 369 1391 423 per¹)
1422 381 1487 409 to·

76 462 164 489 tum
198 447 529 504 quinquennium
574 446 610 486 ei
650 461 738 486 sese
769 445 1040 486 interioribus
1072 444 1202 485 literis
1234 445 1486 486 erudiendos

74 525 116 566 in
156 526 269 565 idem
310 522 633 565 contubernium
681 522 973 578 adjungerent,
1017 533 1258 576 tantamque
1305 539 1352 562 ex
1400 522 1486 579 ejus

74 601 442 657 praeceptionibus
479 600 773 655 philosophiae
822 611 863 639 et
910 598 1296 639 mathematicarum
1335 599 1486 639 artium

74 678 268 718 notitiam
298 677 532 727 haurirent,
565 688 715 732 quanta
746 677 797 717 ad
827 677 1058 732 perfectam
1098 692 1308 716 sacrarum
1348 676 1486 717 litera-

72 772 165 795 rum
198 754 585 810 interpretationem
616 754 710 794 usui
742 766 848 795 esset
876 755 1035 795 futura.
1098 752 1226 810 Cujus
1269 771 1423 809 operae
1452 755 1486 794 is

75 833 246 872 demum
276 833 435 871 fructus
466 831 558 880 suit,
588 842 634 870 ut
664 832 768 871 alter
799 832 919 872 editis
950 831 1186 880 miraculis,
1218 857 1269 863 —
1300 833 1412 872 unde
1446 845 1488 873 et

74 925 310 961 cognomen
339 908 572 963 reportavit
603 934 675 958 —,
709 909 856 958 clarus,
889 909 996 949 alter
1025 908 1210 966 martyrii
1239 925 1395 949 corona
1424 909 1510 950 in„

73 986 210 1039 signis,
242 997 339 1041 post
368 997 504 1037 gestos
544 984 585 1025 in
623 985 760 1040 patria
799 985 1068 1041 episcopatus
1110 999 1286 1042 uterque
1320 987 1485 1029 obierit.

75 1065 160 1104 Eos
201 1064 252 1103 ad
294 1063 546 1103 Christianas
597 1073 734 1117 partes
780 1065 830 1102 ab
878 1064 1061 1115 Origene
1100 1064 1227 1104 fuisse
1265 1065 1485 1115 adductos,

75 1157 169 1181 cum
201 1151 319 1180 antea
359 1139 639 1180 Ethnicorum
680 1140 893 1181 erroribus
931 1141 1106 1181 fuissent
1135 1140 1349 1197 impliciti,
1392 1159 1487 1182 cen-

73 1218 157 1258 suit
192 1217 413 1257 Halloxius
453 1216 570 1268 Orig.
612 1218 771 1258 defens.
804 1217 876 1258 lib.
909 1218 942 1259 Ῑ.
981 1235 1067 1273 cap.
1102 1218 1191 1267 14„
1231 1230 1272 1259 et
1310 1219 1382 1259 lib.
1414 1221 1486 1261 IV.

73 1305 230 1350 quaest.
263 1293 330 1336 10.
390 1294 530 1335 lllexit
561 1311 656 1334 eum
696 1294 738 1334 in
778 1295 881 1335 hanc
912 1294 1160 1336 sententiam
1191 1296 1487 1354 Hieronymus,

74 1371 189 1428 cujus
219 1371 289 1411 illa
323 1372 446 1412 verba
475 1383 571 1411 sunt
602 1371 673 1412 lib.
715 1372 766 1411 de
796 1372 938 1428 script.
971 1375 1118 1415 eccles.
1149 1373 1191 1413 in
1231 1373 1485 1416 Theodoro:

76 1450 282 1501 Quorum
311 1462 412 1489 cum
441 1451 683 1504 egregiam
714 1447 909 1490 indolem
939 1449 1119 1491 vidisset
1143 1451 1380 1506 Origenes,
1413 1465 1486 1492 eos

71 1525 139 1568 acl
160 1525 490 1582 philosophiam
521 1525 788 1566 cohortatus
811 1533 902 1575 est;
932 1529 979 1566 ‘ln
1005 1539 1093 1580 qua.
1104 1527 1333 1582 paulatim
1355 1527 1485 1570 Chri-

70 1605 136 1645 ste·
148 1601 297 1658 fidem
327 1600 727 1653 subintroducens,
757 1604 832 1642 sul
857 1615 1025 1657 quoque
1052 1611 1304 1646 sectatores
1332 1604 1483 1647 reddi-

74 1679 154 1721 dit.
213 1680 328 1720 Haec
367 1679 672 1737 Hieronymus,
710 1691 756 1719 ut
797 1679 877 1719 alia
921 1680 1009 1720 fere
1051 1680 1146 1721 libri
1176 1681 1297 1737 hujus
1329 1684 1482 1733 omnia,

73 1756 219 1798 sumsit
263 1773 311 1796 ex
353 1756 564 1806 Eusebio,
610 1756 683 1812 qui
725 1756 784 1796 sic
822 1756 948 1797 habet
985 1757 1059 1799 lib.
1091 1759 1162 1798 VI.
1201 1759 1294 1804 hist.
1335 1760 1482 1802 eccleS.

73 1849 162 1888 cap.
194 1832 284 1876 30.;
328 1829 414 1881 085-
444 1832 568 1890 ἆμᾳὶ
608 1832 661 1877 τὰ
699 1830 928 1888 Ἑλλήνων
958 1837 1033 1876 καὶ
1061 1833 1297 1891 Ῥωμαίων
1324 1835 1484 1892 μαθή-

72 2029 188 2070 mille
219 2028 375 2069 artibus
409 2028 465 2070 ita
505 2029 583 2070 sibi
624 2029 870 2070 devinxisset
907 2031 1134 2084 Origenes,
1172 2045 1219 2074 ut
1259 2033 1482 2077 Caesareae

72 2087 183 2142 apud
214 2102 309 2125 eum
340 2102 554 2126 remanere
585 2086 720 2127 coacti
748 2087 917 2133 suerint,
951 2090 999 2129 R.

190 2156 228 2210 ¹)
261 2155 425 2196 Horum
456 2173 662 2197 annorum
692 2156 856 2197 initium
887 2158 921 2198 si
953 2160 1117 2201 duxeris
1149 2161 1199 2200 ab
1231 2177 1339 2200 anno
1371 2160 1482 2212 231..

73 2211 167 2252 finis
207 2212 287 2252 erit
327 2228 455 2252 annus
485 2213 580 2255 236.
640 2214 727 2255 Sed
767 2231 816 2254 eo
856 2215 949 2270 ipso
991 2232 1098 2256 anno
1138 2219 1309 2258 ardente
1346 2221 1481 2262 Maxi-

72 2268 173 2308 mini
203 2269 519 2323 persecutione,
552 2286 656 2325 quae
687 2270 796 2326 juxta
828 2271 1030 2312 Orosium
1063 2274 1133 2315 lib.
1166 2276 1260 2315 Vll.
1295 2293 1383 2332 cap.
1415 2278 1480 2321 19,

71 2325 286 2380 speciatim
316 2337 495 2380 propter
525 2326 754 2379 Origenem
792 2327 833 2367 in
865 2329 1073 2382 praelatos
1113 2342 1154 2371 et
1185 2332 1382 2374 doctores
1413 2351 1481 2374 ee-

73 2381 221 2421 clesiae
253 2381 457 2422 concitata
489 2395 596 2432 erat,
643 2384 865 2439 probabile
904 2401 990 2425 non
1031 2399 1091 2427 est
1123 2387 1351 2439 Origenem
1380 2403 1481 2432 tunc

71 2437 275 2492 temporis
304 2438 545 2479 remansisse
579 2439 818 2482 Caesareae.
867 2440 1006 2494 Quam
1038 2445 1092 2483 ob
1124 2461 1214 2485 rem
1246 2461 1339 2486 cum
1371 2464 1478 2488 anno

70 2491 166 2536 231.
228 2493 401 2546 Origeni
443 2512 530 2535 sese
570 2497 848 2536 erudiendum
887 2499 1106 2540 tradiderit
1136 2501 1391 2554 Gregorius,
1421 2505 1481 2545 vi-

73 2550 195 2589 detur
231 2566 358 2590 annos
397 2551 493 2594 235.
532 2550 627 2595 236.
671 2565 712 2593 et
745 2552 840 2596 237.
901 2555 1177 2597 Alexandriae
1222 2561 1478 2612 transegisse,

72 2604 252 2660 indeque
290 2623 478 2648 reversus
519 2609 571 2648 ad
612 2609 839 2661 Origenem
879 2627 986 2651 anno
1019 2612 1136 2663 237„
1175 2616 1241 2655 vel
1278 2616 1394 2665 238„
1432 2628 1479 2656 ut

70 2661 278 2723 baptismo
307 2664 555 2715 tingeretur,
594 2665 903 2721 quinquennale
941 2669 1177 2712 studiorum
1206 2685 1372 2729 tempus
1402 2675 1478 2714 sub

75 2716 257 2767 Origene
287 2719 510 2761 absolvisse
539 2738 648 2762 anno
680 2723 799 2772 238,
837 2724 904 2764 vel
934 2724 1027 2767 239.
1096 2729 1161 2768 Ad
1201 2729 1244 2769 id
1276 2732 1386 2771 sorte
1416 2744 1476 2771 at-

70 2771 206 2812 tendit
237 2772 514 2826 casaubonus,
545 2778 597 2818 de
629 2795 713 2834 quo
746 2779 865 2829 infra,
900 2798 994 2821 cum
1027 2782 1083 2822 ait
1117 2785 1368 2838 Gregorium
1400 2804 1477 2842 per

70 2843 200 2869 annos
230 2840 328 2869 octo
359 2830 532 2883 Origeni
563 2849 737 2889 operam
766 2837 942 2878 dedisse.
979 2839 1027 2879 R.
