1759 3125
288 120 368 164 100
703 122 844 162 Ps-rm
875 122 1088 164 DANJEms
1120 122 1282 164 Hom-11

286 235 452 284 stituta‚
501 251 548 274 ac
586 234 754 275 tandem
793 234 834 274 in
875 219 1092 275 Maximini
1133 233 1426 288 persecutione
1466 235 1702 290 saevissime

285 312 542 361 excruciata,
580 323 621 352 et
659 311 793 351 securi
833 327 1040 367 percussa.
1099 311 1209 351 Tum
1249 323 1389 351 autern
1431 328 1477 352 ex
1512 308 1705 363 Origcnis

287 389 477 447 epistolis
518 387 675 429 Christi
705 388 832 428 fidem
863 387 1010 436 hausit,
1040 399 1264 443 postquam
1295 387 1542 445 presbyterii
1573 387 1706 439 digni—

285 480 369 510 tate
400 478 543 508 auctus
573 465 868 507 Alexandriam
908 482 955 504 cx
997 464 1151 506 Achaia
1189 481 1378 505 reversus
1423 476 1495 505 est.
1555 465 1621 504 Ab
1653 479 1703 504 eo

291 544 449 602 quippe
480 535 562 600 iam
597 544 845 601 presbytero
869 542 1121 583 Alexandria
1152 543 1245 582 data
1278 554 1338 582 est
1368 543 1420 583 ad
1451 542 1582 598 ipsam
1616 541 1704 597 epi-

287 623 410 672 stola,
441 637 547 677 quae
575 620 618 660 in
652 619 739 676 ejus
771 622 876 660 Acta
907 619 1059 660 inserta
1091 631 1162 661 est.
1233 619 1549 661 Potamiaenam
1582 619 1707 671 virgi-

287 717 384 742 nem
414 696 679 740 nobilissimo
710 696 912 754 martyrio
955 696 1108 738 claram
1144 697 1254 739 inter
1288 697 1481 749 Origenis
1523 696 1705 751 discipu-

287 778 345 818 las
373 775 551 817 Rufinus
584 769 919 830 ethicephorus
949 786 1186 815 recensent:
1226 775 1300 815 sed
1341 775 1483 814 fucum
1524 773 1573 814 iis
1604 773 1706 814 fecit

286 852 461 896 Eusebii
490 851 527 908 ¹)
561 838 796 892 locusnon
828 851 936 898 satis⁴
956 863 1112 892 attente
1134 863 1392 907 perspectus,
1422 851 1497 892 ubi
1527 852 1569 891 in
1600 851 1705 890 hanc

286 931 436 974 seriem
485 928 648 970 disertis
704 928 840 969 verbis
889 916 1325 984 septimus'refertur
1378 928 1608 979 Basilide53
1653 927 1705 967 de

286 1008 560 1053 Potamiaena
589 1022 691 1047 vero
722 1006 817 1048 talis
844 1007 960 1047 nulla
991 1007 1103 1062 apud
1135 1023 1230 1047 eum
1261 1006 1444 1062 suspicio
1479 1018 1550 1055 est.
1604 1005 1705 1059 Quo

287 1087 416 1141 magis
447 1085 686 1126 mirandum
718 1096 807 1134 est,
844 1086 896 1125 ab
929 1083 1095 1125 erudito
1128 1083 1218 1124 viro
1240 1084 1283 1139 ²)
1322 1084 1366 1124 in
1396 1085 1506 1124 hunc
1537 1099 1708 1124 censum

286 1162 605 1208 Potamiaenam
646 1161 847 1211 adscribi,
897 1161 1085 1202 Basilide
1126 1173 1350 1218 expuncto.
1427 1159 1561 1215 Quasi
1603 1176 1705 1201 vero

286 1258 437 1300 parum
476 1238 682 1281 credibile
723 1239 798 1289 sit,
852 1238 990 1279 virum
1039 1239 1219 1280 bellicae
1257 1239 1318 1280 rei
1357 1239 1571 1288 deditum,
1610 1253 1705 1278 cum

288 1318 483 1372 Origenis
513 1317 622 1356 fama
656 1328 874 1372 permotus
908 1328 1026 1366 esset,
1058 1316 1278 1357 accessisse
1309 1317 1359 1357 ad
1394 1333 1503 1365 eum,
1536 1327 1576 1355 et
1599 1330 1707 1355 non-

285 1396 403 1439 nulla
441 1410 583 1435 rerum
623 1393 951 1448 Christianarum
990 1405 1162 1450 accepta
1206 1395 1257 1434 ab
1308 1410 1357 1434 eo
1400 1392 1572 1443 notitia,
1610 1408 1707 1432 cum

283 1471 603 1516 Potamiaenam
643 1471 695 1523 ad
733 1470 992 1526 supplicium
1031 1487 1110 1526 pro
1150 1486 1324 1525 munere
1354 1484 1431 1513 suo
1465 1471 1707 1519 deduceret,

286 1569 379 1594 eam
409 1551 460 1591 ab
491 1549 790 1608 improborum
820 1548 1042 1589 hominum
1069 1547 1304 1603 petulantia
1333 1547 1624 1603 prohibuisse,
1656 1547 1707 1586 ab

285 1645 427 1686 eaque·
446 1626 723 1683 postmodum
753 1624 836 1681 jam
867 1626 955 1666 fato
987 1626 1131 1666 functa
1160 1627 1394 1666 secundum
1425 1624 1610 1681 quietem
1641 1608 1709 1663 ex·-

285 1693 474 1756 citatum,
507 1702 663 1744 Christi
691 1703 824 1743 fidem
852 1703 993 1759 palam
1023 1703 1151 1744 fuisse
1170 1704 1422 1758 professum.
1467 1702 1562 1742 Huc
1582 1699 1707 1743 etiam

287 1781 453 1827 confert
481 1781 748 1837 Nicephorus
766 1782 808 1834 3)
839 1780 1125 1821 Alexandrum
1152 1780 1588 1838 Hierosolymitanum
1619 1778 1708 1834 epi-

287 1878 480 1918 scopum,
509 1870 550 1900 et
570 1858 885 1899 Caesariensem
905 1857 1221 1909 Theoctistum3
1253 1857 1403 1913 quibus
1423 1857 1706 1898 BIammaeam

287 1954 457 1998 quoque
497 1935 744 1992 adjungere,
791 1946 835 1974 et
875 1946 1157 1984 memoratum
1198 1934 1322 1975 illum
1361 1936 1411 1974 ab
1453 1933 1641 1974 Eusebio
1664 1935 1706 1989 ⁴)

288 2015 466 2060 Arabiae
504 2012 743 2070 praesidem
786 2010 942 2052 rationi
992 1994 1320 2052 consentaneum
1361 2021 1434 2052 est.
1507 2010 1705 2066 Denique

284 2091 538 2141 innumeri,
580 2089 718 2145 inquit
746 2088 992 2129 Vincentius
1029 2087 1278 2137 Lirinensis,
1301 2088 1342 2141 ⁵)
1387 2100 1448 2129 ex·
1485 2089 1588 2128 sinu
1625 2101 1705 2130 suo

285 2161 505 2221 docto'res,
534 2166 770 2209 innumere·
789 2162 1086 2216 sacerdotes,
1127 2163 1408 2219 confessores
1444 2172 1490 2207 et
1529 2173 1704 2221 marty-

282 2261 357 2291 res
385 2245 684 2290 exstiterunt.
1660 2225 1664 2230 ’

402 2415 442 2472 ¹.)
475 2413 561 2455 Cfr.
591 2411 744 2453 Euseb.
776 2409 886 2451 Hist.
917 2409 991 2451 lib.
1022 2410 1094 2461 VI.
1129 2427 1218 2468 cap.
1251 2411 1289 2453 5.

397 2485 440 2542 ²)
478 2482 565 2525 Cfr.
595 2481 733 2523 vales.
765 2479 854 2521 not.
885 2479 928 2519 in
960 2479 1115 2521 Euseb.
1146 2497 1239 2537 pag.
1272 2480 1366 2524 113.
1427 2520 1430 2523 ,

402 2555 445 2610 3)
477 2553 565 2595 Cfr.
595 2550 826 2607 Nicephor.
857 2549 930 2590 lib.
962 2551 1013 2592 V.
1046 2566 1134 2606 cap.
1165 2550 1233 2593 20.

396 2623 441 2678 ⁴²)
475 2622 563 2664 Cfr.
592 2620 746 2662 Euseb.
777 2615 885 2661 Hist.
918 2619 989 2665 lib.
1021 2621 1096 2661 VI.
1129 2636 1218 2676 cap.
1252 2620 1316 2663 19.

397 2694 438 2750 ⁵)
472 2692 559 2733 Cfr.
592 2689 786 2732 Vincent.
826 2689 955 2731 Lirin.
995 2689 1155 2731 advers.
1194 2690 1362 2732 Haeret.
1407 2691 1701 2732 commonito»

278 2754 344 2795 rio
376 2751 409 2792 Ι.
443 2765 531 2805 cap.
563 2745 630 2792 23.
