1759 3125
487 71 877 125 OfflGENiANoRUM
907 69 1049 109 LIBER
1069 69 1127 108 11.
1415 71 1498 116 289

82 187 176 226 tiae
206 195 316 225 Suae
344 178 596 237 perdidisse
627 178 836 229 decernit,
891 191 932 220 et
970 180 1273 232 Augustinum,
1326 184 1397 238 qui
1438 185 1497 227 sic

80 261 246 301 disserit
295 259 389 300 libr.
421 257 460 301 3.
512 259 563 298 de
614 257 763 298 Genes.
808 257 857 296 ad
900 256 958 297 lit.
1001 273 1090 312 cap.
1131 257 1195 300 10.
1263 257 1316 300 δι’
1342 268 1498 303 autem

82 345 452 390 transgressores
482 334 572 383 illl,
619 341 869 388 antequam
902 332 1366 391 transgrederentur,
1400 350 1497 380 coe-

79 414 212 454 lestaz
246 425 444 467 corpora
470 408 718 466 gerebant,
750 423 889 465 neque
920 408 1001 451 lzoc
1032 413 1199 452 mirum
1227 419 1307 464 est,
1337 416 1499 456 sicon-

76 502 208 531 versa
240 496 349 530 sunt
380 501 441 530 ex
466 501 616 544 poena
646 489 696 528 in
727 487 914 528 aeream
945 487 1232 542 qualitatem.

190 568 312 607 Nunc
344 581 444 605 vero
489 565 565 605 etsi
610 580 801 620 expresse
841 565 892 603 ab
935 564 1111 604 ecclesia
1150 566 1371 609 definitum
1410 587 1499 611 non

77 655 151 691 est,
181 654 324 682 utrum
355 642 491 695 angeli
524 641 776 697 corporibus
806 641 1013 696 implicati
1043 640 1149 692 sint,
1182 660 1406 686 commune
1438 659 1500 688 ta-

77 736 174 759 men
205 719 287 760 hoc
320 731 392 769 est,
424 736 470 760 ac
499 730 733 773 receptum,
768 730 806 758 et
824 718 1146 771 Theologorum
1178 720 1368 761 omnium
1400 738 1500 763 con-

76 813 199 837 sensu
231 798 517 852 approbatum
550 798 723 844 dogma,
756 796 873 850 quod
906 795 1022 836 omni
1052 795 1150 836 illos
1182 813 1364 854 corpore
1396 816 1498 855 spo-

79 873 167 923 liat,
190 884 246 913 *ut
281 873 539 914 contrarium
569 872 755 928 quisquis
786 872 913 912 hodie
938 873 1221 925 affirmaverit,
1254 891 1334 930 pro
1368 888 1501 918 teme-

75 949 186 990 rario
221 962 261 990 et
291 950 541 1005 praefidenti
578 950 792 989 habendus
833 948 909 989 sit:
950 962 1176 1006 postquam
1208 951 1250 992 in
1279 952 1324 993 id
1357 955 1501 995 decre-

77 1039 167 1067 tum
210 1027 418 1067 consensit
466 1028 744 1068 Lateranense
787 1025 1029 1067 Concilium
1071 1043 1160 1083 cap.
1195 1027 1231 1071 1.
1305 1029 1502 1073 Creator

79 1107 278 1145 omnium
309 1102 603 1157 invisibilium
633 1111 678 1145 et
708 1100 961 1154 vas-ihfllum,
992 1106 1308 1160 spiritualium
1334 1115 1380 1149 et
1403 1122 1501 1150 cor-

71 1181 320 1237 poralium,
353 1183 432 1236 qai
457 1194 540 1222 sua
572 1180 882 1236 omnipotenti
907 1183 1079 1222 ve'rtate
1108 1183 1247 1224 simul
1273 1182 1331 1225 ab
1364 1188 1498 1228 im'tc'o

80 1260 296 1314 temporis
326 1265 570 1313 utramque
601 1256 655 1298 de
686 1256 828 1299 m‘lzz‘lo
865 1257 1068 1300 condidit
1100 1267 1381 1312 creaturam,
1412 1266 1501 1319 spi-

78 1335 298 1376 m'tualem
327 1342 374 1376 et
405 1335 713 1390 corporalem,
754 1335 1015 1390 angelicam
1046 1334 1254 1379 videlicet
1284 1346 1330 1380 et
1360 1353 1499 1380 mme-

81 1410 278 1461 dauam,
327 1424 383 1452 ac
424 1409 586 1452 delude
626 1410 901 1463 humanam,
952 1415 1087 1467 quase·
1123 1426 1402 1457 communem
1439 1431 1501 1460 ex

79 1501 267 1544 corpore
299 1495 345 1529 et
373 1490 541 1543 spirita
581 1493 894 1530 constitutam.
968 1489 1066 1543 Quo
1102 1491 1273 1532 decreto
1307 1492 1503 1546 Origeni-

76 1577 157 1606 stas
188 1566 276 1620 peti
308 1566 349 1606 S.
383 1565 567 1605 Thomas
601 1565 874 1609 existimabat,

191 1642 263 1683 IX.
323 1642 459 1682 Porro
510 1641 718 1698 quidquid
766 1642 816 1681 de
862 1642 1017 1693 angelis
1064 1644 1240 1686 tradidit
1283 1647 1501 1701 Origenes,

81 1720 149 1760 vel
180 1719 332 1770 sacris,
378 1720 445 1759 vel
485 1719 674 1774 profanis
724 1719 966 1759 auctoribus
1009 1732 1224 1777 uteunque
1274 1725 1502 1768 defendere

79 1795 235 1851 potuit.
298 1796 463 1851 Corpus
509 1796 664 1849 angelis
710 1796 892 1836 adscribi
937 1796 1106 1837 videtur
1156 1799 1264 1842 Psal.
1298 1802 1419 1854 CIV,
1461 1805 1500 1848 4.

81 1872 199 1926 „Qui
230 1873 330 1913 facis
362 1873 533 1925 angelos
564 1884 659 1912 tuos
690 1871 882 1927 spiritus,
925 1884 966 1913 et
994 1875 1208 1916 ministros
1237 1889 1333 1920 tuos
1363 1879 1501 1932 ignem

80 1956 314 1990 urentem.“
387 1949 508 2003 Quae
547 1949 736 2004 quamvis
771 1949 896 1989 aliter
935 1951 1090 2005 exponi
1128 1954 1315 2007 possint,
1359 1956 1504 1999 Deum

83 2044 236 2082 nempe
267 2038 393 2066 vento
427 2038 467 2067 et
496 2026 613 2078 igne,
654 2038 855 2081 tanquam
894 2027 1096 2069 ministris
1136 2042 1177 2071 et
1217 2033 1394 2084 angelis,
1427 2036 1505 2077 ali-

83 2105 249 2160 quando
281 2103 367 2155 uti3
407 2115 448 2143 et
489 2115 613 2143 vento
648 2103 840 2159 quidem,
879 2105 998 2144 velut
1028 2122 1123 2147 cum
1153 2108 1428 2165 Josaphati¹)
1463 2126 1505 2155 et

90 2181 303 2223 ochoziae
342 2197 466 2221 naves
510 2181 731 2233 contrivit;
777 2182 844 2221 vel
886 2199 980 2223 cum
1020 2185 1216 2226 adversus
1257 2189 1413 2230 Jonam
1461 2191 1506 2233 in

88 2258 256 2299 Tharsis
287 2257 517 2310 fugientem
557 2260 681 2298 misit
698 2259 739 2314 2)
781 2265 966 2302 ventam
1005 2274 1234 2317 magnum
1272 2266 1320 2305 z’n
1359 2280 1504 2321 mare,

90 2342 137 2376 et
165 2335 304 2388 facta
342 2342 410 2376 est
451 2343 695 2390 tempestas
733 2349 912 2392 magna
946 2339 994 2378 z‘n
1034 2342 1178 2380 mari:
1217 2340 1310 2394 igne
1348 2357 1504 2398 autem,

90 2411 206 2453 velut
246 2429 342 2453 cum
382 2412 606 2456 Dominus
621 2413 662 2468 ³)
695 2413 821 2469 plait
866 2427 1003 2471 super
1049 2415 1291 2460 Sodomam
1330 2429 1377 2464 et
1419 2423 1505 2465 Go-

96 2488 335 2530 morrlzam
373 2487 568 2546 sulphur
606 2497 651 2531 et
681 2492 867 2545 eguem;
907 2492 974 2532 vel
1008 2509 1103 2534 cum
1135 2497 1260 2551 egm's
1274 2497 1316 2554 4)
1350 2511 1505 2556 egres-

206 2658 246 2712 ¹)
280 2658 362 2700 Cfr.
394 2658 436 2698 II
469 2657 626 2700 Chron.
655 2658 752 2709 XX,
783 2658 850 2702 37.

204 2726 246 2778 2)
280 2727 365 2767 Csr.
395 2728 491 2767 Jon.
525 2729 557 2778 I,
582 2729 620 2770 4.
742 2730 784 2784 3)
818 2728 904 2775 Cfr.
938 2729 1044 2773 Gen.
1075 2732 1193 2785 XIX,
1224 2735 1292 2778 24.

206 2796 248 2850 ⁴)
282 2796 370 2837 Csr.
399 2797 524 2838 Num.
555 2798 671 2848 XVI,
703 2798 770 2842 35.
847 2807 851 2812 '

93 2873 313 2913 Omossms
347 2872 518 2915 OPERA.
551 2874 671 2917 ΤοΜ.
702 2876 846 2917 ΧΧΙΙ.
1206 2879 1259 2922 19
