1759 3125
457 99 853 139 ORIGENIANORUM
896 95 1034 136 Lmen
1065 97 1120 136 ΙΙ.
1411 96 1491 140 155

75 225 235 254 strenus
266 209 511 265 episcopus,
553 207 706 247 erroris
739 205 926 264 ejusdem
959 205 1226 255 defensione,
1266 219 1307 248 et
1338 207 1491 250 deinde

78 286 369 346 repudiatione
403 283 602 333 celebris,
633 295 857 338 postquam
888 284 938 322 ab
973 282 1156 334 Origene
1189 285 1420 333 convictus,
1453 297 1495 325 et

76 368 127 408 ad
171 364 378 406 saniorem
430 360 663 402 doctrinam
705 361 918 400 traductus
964 370 1037 400 est.
1111 360 1201 400 Hos
1249 361 1494 416 perstringit

75 443 300 494 Origene5‚
341 456 436 480 cum
466 438 567 479 alibi
597 439 860 493 frequenter,
908 447 997 476 tum
1036 436 1079 476 in
1111 435 1244 485 libro,
1293 454 1419 493 quem
1450 438 1494 478 in

74 519 297 575 epistolam
329 518 381 557 ad
412 516 558 557 Titum
588 515 776 570 scripsit3
814 513 969 569 quique
1011 513 1205 554 laudatur
1243 530 1266 554 a
1295 513 1496 570 Pamphi·

75 598 118 638 lo
149 596 193 637 in
225 594 449 651 Apologia.
509 593 630 633 Initia
661 591 877 632 doctrinae
907 589 1028 648 hujus
1060 590 1140 648 jam
1170 590 1266 631 inde
1298 593 1348 631 ab
1379 592 1497 644 Igna-

74 673 123 714 tii
153 672 419 727 temporibus
448 669 604 726 repetit
624 668 830 710 Baronius
855 668 908 708 ad
937 683 1030 709 ann.
1051 667 1149 708 Chr,
1170 667 1266 711 260.
1295 685 1407 709 num.
1428 668 1493 711 63,

77 750 208 804 Quod
240 766 336 801 ergo
370 747 473 788 dixit
510 762 760 803 anonymus,
799 745 977 786 Sabellii
1015 745 1203 787 haeresin
1234 745 1497 800 impugnasse

79 827 322 879 Origenem,
352 825 409 866 sic
440 823 732 879 accipiendum
766 835 848 873 est,
891 824 995 864 hanc
1036 824 1086 863 ab
1128 839 1178 863 eo
1210 821 1498 877 impugnatam

80 903 280 951 haeresin,
313 918 417 957 quae
449 918 469 941 a
501 900 672 941 vetustis
703 900 935 940 Haereticis
967 911 1079 950 orta,
1121 916 1141 940 a
1172 900 1312 940 Noeto
1346 910 1387 939 et
1415 899 1498 939 Be-

82 981 192 1038 ryllo
223 978 305 1019 suis
335 989 597 1034 propugnata
626 976 904 1032 temporibus,
934 994 1093 1017 novum
1125 976 1277 1017 deinde
1309 993 1330 1016 a
1351 976 1498 1018 Sabel-

82 1057 140 1097 lio
182 1073 337 1096 nomen
379 1072 425 1096 ac
464 1056 646 1095 sormam
683 1052 859 1109 accepit.
919 1057 981 1094 Ac
1022 1054 1055 1094 si
1097 1053 1188 1109 quis
1231 1052 1498 1108 ἀρειανίζειν

84 1134 243 1175 diceret
288 1134 544 1185 Origenem,
596 1148 686 1172 eam
730 1147 884 1186 nempe
928 1130 1038 1171 tueri
1084 1129 1343 1181 doctrinam,
1395 1147 1500 1186 quae

84 1211 218 1252 multo
251 1222 349 1266 post
378 1212 429 1250 ab
459 1209 560 1250 Ario
593 1208 860 1264 amplificata,
889 1224 1046 1248 nomen
1078 1209 1128 1248 ab
1162 1224 1211 1248 eo
1243 1209 1394 1263 adepta
1426 1220 1499 1249 est.

196 1289 292 1329 ΧΗ.
355 1287 540 1328 Multum
560 1286 731 1343 quidem
762 1286 874 1326 valet
903 1286 1016 1340 apud
1045 1301 1127 1336 me,
1159 1301 1237 1341 pro
1271 1301 1321 1325 eo
1352 1302 1398 1326 ac
1430 1287 1503 1325 de-

84 1367 180 1415 bet,
220 1365 392 1405 Patrum
431 1364 605 1404 illorum
643 1363 891 1414 auctoritas,
937 1362 1008 1418 qui
1041 1362 1277 1403 doctrinam
1309 1361 1502 1414 Origenis

86 1443 138 1482 de
169 1441 375 1483 Trinitate
415 1440 622 1493 suffragiis
663 1440 745 1481 suis
788 1441 1134 1495 comprobarunt.
1194 1440 1280 1481 Sed
1309 1439 1416 1479 mihi
1444 1450 1506 1479 ta-

86 1536 182 1559 men
212 1519 346 1574 pluris
377 1530 436 1558 est
469 1518 557 1573 ipsa
588 1516 754 1566 veritas,
796 1533 918 1572 quam
960 1528 1000 1557 et
1040 1533 1087 1556 ex
1120 1515 1398 1568 Origenianae
1427 1517 1505 1560 do-

91 1597 245 1637 ctrinae
287 1595 568 1645 connexione,
615 1606 656 1634 et
703 1610 750 1634 ex
799 1605 956 1634 attente
996 1593 1226 1648 perspectis
1262 1592 1504 1634 Adamantii

92 1673 243 1722 verbis,
274 1685 313 1713 et
345 1690 391 1713 ex
410 1673 579 1712 Patrum
604 1671 781 1711 aliorum
813 1670 1098 1725 complurium
1127 1670 1506 1720 testificationibus,

93 1751 193 1806 in¹)
234 1761 373 1805 partes
414 1761 568 1790 sectam
608 1750 659 1789 ab
698 1748 790 1804 ipso
831 1747 1104 1799 Trinitatem,
1148 1759 1187 1788 et
1226 1747 1426 1788 essentiae
1456 1763 1504 1788 ac

216 1988 254 2043 ¹)
284 1988 345 2028 Ex
377 1986 460 2037 his,
513 2003 616 2042 quae
657 2003 780 2043 supra
810 1988 1001 2044 infraque
1034 1986 1368 2036 observavimus,
1410 1986 1507 2026 satis

97 2069 313 2099 ostensum
345 2069 418 2107 est,
448 2058 590 2098 nullos
621 2059 770 2110 gradus
801 2058 842 2099 in
874 2058 1080 2099 Trinitate
1113 2056 1375 2099 constituisse
1409 2057 1508 2098 Ori-

97 2143 264 2181 genem,
295 2128 375 2169 nisi
404 2139 599 2184 respectu
630 2145 796 2179 causae,
827 2129 1045 2184 principii,
1082 2128 1211 2169 fontis
1243 2140 1284 2168 et
1316 2127 1511 2180 originis;

98 2215 144 2239 ac
173 2198 352 2254 proinde
392 2199 513 2238 nullo
553 2200 684 2239 modo
723 2199 765 2240 in
804 2212 943 2259 partes
982 2211 1135 2240 sectam
1175 2200 1226 2239 ab
1258 2199 1350 2253 ipso
1385 2198 1511 2238 fuisse

100 2269 316 2310 essentiam
360 2269 558 2309 divinam.
629 2270 768 2310 Unum
809 2271 889 2310 hoc
929 2271 1080 2313 addam
1120 2285 1140 2309 e
1184 2268 1294 2308 libro
1328 2269 1358 2308 I.
1409 2270 1513 2323 περὶ

102 2339 254 2394 ἀρχῶν
285 2355 375 2394 cap.
407 2338 446 2381 2.
478 2355 590 2379 num.
624 2340 660 2381 6.
724 2338 1069 2383 Observandum
1107 2350 1301 2393 namque
1335 2344 1424 2390 est,
1457 2350 1513 2377 ‘ue

102 2412 197 2465 qm's
232 2412 449 2451 incurrat
488 2411 536 2449 in
574 2409 679 2450 illas
724 2408 951 2452 absurdas
977 2407 1180 2463 fabulas
1216 2419 1396 2461 eorum,
1440 2407 1520 2460 qul

97 2479 378 2536 prolationes
409 2477 629 2534 quasdam
659 2479 744 2521 sibi
772 2483 878 2536 ipsis
909 2478 1187 2535 depingunt,
1229 2483 1283 2518 ut
1313 2474 1517 2517 divinam

107 2557 330 2590 ‘natura-m
360 2552 407 2590 iu.
430 2556 597 2605 partes
625 2558 796 2601 vocent,
830 2550 1036 2606 (secent,)
1067 2556 1110 2589 et
1144 2548 1291 2589 Deam
1312 2546 1515 2597 Patrem,

112 2626 331 2674 quantum
360 2621 405 2659 ι’νι
437 2633 483 2661 se
512 2627 600 2670 est,
641 2619 875 2675 davidmzt,
914 2633 1013 2662 cum
1054 2618 1136 2660 ltoc
1165 2615 1219 2658 de
1251 2619 1522 2670 incorporea

105 2695 281 2729 natura
310 2689 380 2729 vel
407 2689 566 2731 leviter
593 2694 824 2746 suspicari
857 2703 946 2731 uon.
984 2689 1128 2730 solum
1167 2694 1406 2729 extremae
1436 2685 1519 2723 im-

101 2759 290 2813 pietatis
333 2761 415 2808 sit,
464 2772 620 2800 verum
661 2763 802 2802 etiam
847 2761 1036 2801 ultimae
1078 2757 1392 2813 insipientiae,
1441 2764 1521 2791 uec

108 2829 286 2869 omnino
317 2826 380 2870 ad
407 2830 763 2886 intelligentiam
804 2842 1095 2885 consequens,
1144 2833 1194 2869 ut
1225 2827 1520 2878 incorporeae
