1759 3125
663 117 903 158 Excunsus
933 117 963 157 1.
1435 120 1519 164 359

109 230 161 269 de
192 228 341 269 Trinit.
373 244 486 267 num.
518 226 585 270 28.
618 239 658 268 et
690 227 777 279 37„
818 228 960 269 Deum
1000 228 1233 282 sapientem
1264 243 1310 270 ea
1340 231 1520 286 Sapien-

106 305 177 356 tia,
210 321 333 360 quam
377 303 539 355 genuit,
577 320 662 344 non
693 321 800 355 esse,
840 306 915 346 sed
950 318 1095 346 natura
1135 317 1176 346 et
1215 306 1364 348 ordine
1404 307 1522 362 prius

108 382 336 437 sapientem
369 392 410 421 et
439 381 687 425 rationalem
719 399 831 432 esse,
861 399 986 438 quam
1018 383 1277 438 Sapientiam
1304 395 1345 427 et
1372 383 1519 424 Ratio-

105 474 200 498 nem
231 457 387 509 gignat3
417 458 490 498 sed
523 458 617 513 quia
649 471 763 500 certo
794 462 977 509 tenebat,
1005 460 1173 502 Patrem
1206 477 1294 502 esse
1323 460 1363 501 in
1388 460 1520 511 Filio,

107 545 148 573 et
177 534 338 575 Filium
368 534 409 574 in
439 535 587 584 Patre,
629 552 674 576 ac
703 549 894 591 paternas
927 553 1070 578 omnes
1102 537 1215 578 ideas
1245 537 1363 578 Filio·
1390 537 1520 579 iradi-

105 621 179 659 tas,
208 627 294 651 non
325 611 538 653 immerito
580 613 722 653 statuit
763 614 924 654 Filium
963 630 1050 655 esse
1091 613 1346 669 ipsissimum
1384 614 1523 655 Patris

106 689 316 738 Verbum,
356 689 472 743 cujus
517 691 569 730 ad
607 693 910 746 praescriptum
949 692 1075 732 Pater
1114 690 1256 731 omnia
1294 692 1520 742 guberna13

106 765 354 819 ipsissimam
385 767 656 821 Sapientiam,
688 767 729 807 in
762 785 841 823 qua
871 768 1012 809 omnia
1040 780 1134 808 ame
1165 766 1312 807 mundi
1343 766 1522 808 creatio-

103 858 201 882 nem
238 843 469 898 descripsit.

218 919 295 960 His
324 919 542 975 principiis
575 937 833 976 consequens
873 932 913 961 et
944 932 1270 962 consentaneum
1300 932 1374 970 est,
1405 920 1522 976 quod

109 995 234 1036 toties
266 996 424 1037 dictum
457 999 508 1037 ab
542 997 750 1049 Origene,
793 997 1003 1041 Christum
1036 1014 1123 1037 esse
1153 995 1290 1052 ipsum
1320 998 1525 1047 Verbum,

105 1073 239 1128 ipsam
268 1074 526 1123 Veritatem,
564 1073 696 1129 ipsam
735 1073 1008 1129 Sapientiam.
1066 1074 1139 1115 Sic
1177 1073 1370 1130 loquitur
1395 1074 1525 1115 Tam.

104 1151 222 1192 XIV.
253 1150 295 1190 in
325 1151 476 1192 Matth.
506 1167 620 1192 num.
653 1152 692 1193 7.
741 1154 799 1194 Εἰ
831 1151 881 1194 δὲ
909 1153 1089 1206 βασιλεῖ
1113 1149 1330 1208 ὡμοιώθη
1361 1152 1522 1206 τοιῷδε

108 1232 186 1271 καὶ
218 1227 368 1272 τοιάδε
400 1226 680 1282 πεποιηκότι,
712 1234 812 1271 τίνα
844 1228 934 1285 χρὴ
966 1231 1116 1286 λέγειν
1145 1225 1171 1282 ἢ
1202 1224 1283 1272 τὸν
1311 1226 1413 1271 υἱὸν
1440 1230 1523 1271 τοῦ

109 1308 246 1359 3505,-
282 1305 433 1354 Λύῑός
469 1305 560 1362 γάρ
602 1306 723 1348 ἐστιν
763 1303 785 1348 ὁ
824 1303 1034 1360 βασιλεὺς
1062 1308 1152 1349 τῶν
1182 1304 1417 1362 οὐρανῶν,
1444 1308 1523 1348 καὶ

111 1382 262 1440 ὥσπερ
294 1382 427 1432 αὐτός
457 1383 578 1425 ἔστιν
608 1382 632 1436 ἡ
667 1382 938 1439 αὐτοσοᾳία,
971 1385 1047 1426 καὶ
1076 1380 1098 1436 ἦ
1126 1380 1522 1437 αὐτοδικαιοσὺνη,

109 1464 187 1503 καὶ
216 1460 242 1515 ἡ
274 1459 599 1514 αὐτοαλήθεια,
644 1458 758 1503 οὕτω
796 1458 972 1517 μήποτε
1010 1462 1088 1502 καὶ
1124 1457 1150 1514 ἦ
1181 1459 1523 1514 αὐτοβασιλεία;

110 1538 323 1581 Christum
352 1537 549 1579 similiter
578 1548 700 1577 vocat
720 1536 986 1592 αὖτολόγον,
1019 1536 1319 1593 αὐτοσοφίαν,
1352 1535 1525 1579 αὐτοα-

108 1614 321 1669 ).η’θειαν,
355 1616 493 1671 ipsum
519 1616 728 1663 Verbum,
757 1615 891 1671 ipsam
922 1613 1203 1668 Sapientiam,
1242 1613 1375 1668 ipsam
1405 1612 1525 1654 Veri-

110 1705 254 1743 tatem,
285 1692 356 1733 lib.
376 1693 449 1733 ΙΙΙ.
482 1704 629 1732 contra
662 1692 770 1732 Cels.
798 1708 911 1731 num.
934 1691 1016 1741 41„
1049 1702 1089 1730 et
1119 1690 1188 1730 lib.
1205 1691 1279 1731 VI.
1310 1707 1410 1730 num
1441 1688 1527 1740 63.,

113 1770 227 1810 etin
259 1771 459 1810 exhortat.
498 1770 550 1809 ad
591 1770 764 1826 Mal-tyr.
804 1785 918 1809 num.
951 1768 1018 1811 47.
1090 1767 1176 1810 Cur
1216 1766 1430 1808 Christum
1467 1765 1526 1807 ita

110 1847 313 1902 appellet,
344 1863 391 1885 ex
422 1845 484 1886 his
506 1845 642 1885 verbis
667 1846 881 1897 colligitur
906 1845 978 1887 lib.
1004 1845 1073 1885 VI.
1106 1855 1252 1884 contra
1271 1843 1382 1885 Cels.
1411 1859 1528 1887 num.

113 1924 182 1967 64.
234 1922 284 1966 Ὁ
315 1922 461 1978 σωτὴρ
495 1921 622 1978 ἡμῶν
653 1922 704 1965 οὐ
726 1927 896 1980 μετέχει
922 1919 1226 1976 δικαιοσύνης,
1258 1919 1524 1976 δικαιοσύνη

114 2003 163 2044 δὲ
195 1998 259 2043 ὧν
289 2004 519 2055 ,anglena
553 1997 641 2041 ὑπὸ
681 2001 883 2041 δικαίων.
951 1998 1069 2039 Nihil
1109 2014 1204 2038 sane
1244 1998 1528 2039 honorificen-

112 2078 196 2119 tius
226 2078 278 2117 de
312 2076 479 2117 Christo
513 2075 595 2117 dici
626 2088 789 2131 potest,
819 2075 925 2117 nihil
956 2072 1016 2116 ad
1039 2076 1306 2116 evertendam
1336 2075 1527 2116 haeresin

112 2155 308 2197 Arianam
338 2154 721 2204 accommodatius,
761 2170 886 2210 quam
916 2169 1013 2194 eum
1042 2169 1130 2193 non
1158 2153 1410 2208 participem
1441 2169 1528 2193 esse

115 2232 310 2274 Justitiae
342 2245 383 2274 et
412 2231 631 2283 Veritatis,
666 2233 742 2272 sed
780 2232 913 2287 ipsam
943 2230 1200 2280 Veritatem,
1238 2229 1372 2284 ipsam
1400 2228 1530 2270 Justi-

117 2311 234 2352 tiam.
292 2308 403 2350 Hinc
432 2321 517 2349 tam
547 2325 685 2364 saepe,
717 2310 835 2365 quod
864 2325 950 2349 non
982 2308 1121 2349 minus
1149 2318 1306 2362 pugnat
1337 2322 1432 2346 cum
1461 2321 1529 2346 ea-

119 2389 216 2428 dem
245 2385 418 2435 haeresi,
447 2402 579 2426 unum
612 2403 698 2426 esse
732 2386 905 2427 omnino
938 2387 1126 2426 Verbum
1159 2384 1355 2424 declarat.
1410 2382 1528 2439 Ἐγώ

120 2465 202 2510 οὐκ
233 2461 359 2518 οἶδα,
408 2462 544 2518 inquit
580 2464 741 2505 Homil.
773 2464 847 2505 IX.
888 2463 931 2504 in
960 2463 1116 2504 Jerem.
1147 2478 1262 2502 num.
1294 2461 1331 2505 1.
1350 2493 1362 2512 ,
1392 2455 1532 2504 ἄλλον

121 2541 284 2599 Λόγον
313 2546 495 2596 κυρίου,
528 2537 554 2593 ἢ
584 2544 766 2591 τοῦτον,
803 2544 906 2599 περὶ
949 2531 1004 2583 οὗ
1032 2544 1207 2598 εἴρηκεν
1237 2537 1260 2583 ὀ
1292 2538 1531 2596 εὐαγγελι-

122 2619 226 2675 στὴς
268 2616 342 2663 τό·
389 2618 532 2674 ,,ἕν“)
578 2617 690 2678 ἀρχῇ
731 2612 788 2673 ἦν
829 2617 851 2662 ὁ
894 2614 1113 2675 Αὸγοςῤί
1162 2620 1257 2662 κτλ.
1313 2616 1374 2658 Ut
1403 2633 1533 2656 unum

244 2835 286 2889 ¹)
314 2834 390 2876 Ev.
420 2835 571 2877 Joann.
606 2837 637 2884 l,
671 2836 707 2879 1.
