1759 3125
446 110 840 149 Omsmmxosscm
881 109 1022 148 Lmen
1056 108 1084 147 l.
1429 112 1486 156 83

64 223 293 271 Bar-onius,
347 220 591 274 Philippum
632 221 867 271 Augustum
909 236 1003 259 cum
1034 218 1236 274 Philippo
1269 224 1486 273 Augustali

66 299 245 357 Aegypti
276 298 493 353 praefecto
527 295 756 336 confundi:
799 296 864 336 hic
897 308 1009 336 certe
1041 295 1208 344 locum,
1239 297 1300 337 uti
1332 298 1488 339 fatetur

63 376 174 431 ipse,
215 375 367 414 habere
407 373 450 413 id
490 373 732 428 neutiquam
775 385 937 428 potest3
986 389 1070 412 non
1110 373 1267 413 idcirco
1310 385 1486 425 tantum,

66 453 180 507 quod
213 453 312 491 duas
344 450 436 490 illas
469 450 663 502 Origenis
707 451 904 505 epistolas
946 450 1103 490 viderat
1135 450 1365 501 Eusebius,
1414 455 1485 493 scd

64 529 199 568 multo
231 526 380 578 magis,
423 529 539 582 quod
581 527 813 582 imperante
857 528 1017 568 Severo
1059 527 1260 584 martyrio
1294 545 1487 569 consum-

63 617 129 645 tus
169 605 221 644 sit
251 604 474 659 Philippus
516 605 588 644 ille
628 603 868 656 Augustalis
910 605 1167 658 praefectu53
1208 605 1258 644 ab
1300 606 1486 646 Eusebio

64 693 204 722 autem
235 693 516 721 memoratum
538 681 729 736 Philippi
757 680 932 731 Augusti
965 680 1139 729 facinus,
1171 681 1264 736 ipso
1297 680 1377 738 jam
1411 683 1489 723 im-

63 760 228 815 perium
274 759 428 813 adepto
472 758 629 797 editum
673 757 735 797 sit.
803 757 947 797 Exstat
976 757 1072 797 hinc
1104 759 1248 807 etiam,
1280 759 1488 799 meritone

64 835 278 890 scripserit
308 834 572 889 Pomponius
603 835 778 881 Laetus,
812 834 1083 889 Philippum,
1113 847 1161 876 ut
1189 836 1347 876 scelera
1378 849 1490 889 tege-

65 923 142 961 ret,
176 912 335 952 cultum
368 910 589 952 Christiani
620 910 802 950 nominis
834 911 1063 953 simulasse.
1111 915 1195 954 Sed
1229 925 1490 954 revvrtamur

72 1005 92 1028 a
124 989 404 1044 propositum.

176 1066 296 1107 XIII.
358 1066 449 1106 Hae
472 1065 509 1120 ¹)
543 1065 729 1120 primum
757 1076 1006 1120 tempestate
1028 1066 1236 1107 [Ioniilias
1253 1085 1357 1118 suas,
1391 1086 1490 1124 quas

65 1143 153 1182 sere
186 1142 376 1198 quotidie
408 1142 449 1181 in
486 1141 661 1182 ecclesia
693 1142 870 1182 habebat
904 1160 950 1183 ex
992 1155 1212 1199 tempore,
1251 1160 1270 1183 a
1315 1146 1490 1186 notariis

65 1219 176 1259 inter
207 1219 544 1259 concionandum
580 1218 714 1273 excipi
755 1236 899 1274 passus
931 1232 993 1260 est
1025 1221 1243 1272 Origenes,
1275 1224 1389 1276 qnod
1421 1240 1491 1264 an-

65 1307 129 1336 tea
162 1312 376 1351 nunquam
421 1296 512 1336 fieri
551 1297 811 1352 permiserat.
884 1297 994 1336 Hine
1036 1314 1192 1338 nomen
1236 1298 1322 1355 ejus
1363 1301 1490 1352 magis

66 1372 277 1428 magisque
312 1374 604 1414 celebrabatur
633 1374 674 1414 in
709 1374 821 1425 dit-53
859 1375 929 1413 sed
965 1374 1018 1414 ita
1052 1386 1218 1424 tamen,
1250 1388 1295 1415 ut
1326 1394 1487 1418 summa

66 1450 305 1490 afficeretur
347 1451 627 1491 admiratione
674 1468 694 1491 a
737 1451 954 1506 plurimis,
987 1468 1006 1491 a
1039 1452 1280 1502 nonnullis,
1310 1465 1357 1493 ut
1388 1456 1489 1495 varii

68 1543 152 1567 esse
184 1528 323 1567 solent
352 1527 575 1567 hominum
607 1542 770 1575 sensus,
817 1527 1103 1570 infamaretur.
1174 1531 1327 1570 Ansam
1371 1549 1489 1586 prae-

69 1604 190 1659 cipue
222 1605 376 1644 dabant
406 1603 803 1657 reprehensionibus
846 1605 1006 1644 erudita
1041 1606 1235 1660 quidem,
1278 1624 1363 1648 non
1395 1611 1490 1650 satis

67 1692 206 1720 tamen
236 1680 437 1720 meditate
468 1679 622 1734 scripta
656 1696 805 1735 opera,
847 1693 887 1720 et
920 1681 959 1720 in
992 1694 1176 1722 secretos
1216 1684 1305 1724 fere
1347 1685 1490 1726 elabo-

69 1770 155 1797 rata
186 1774 308 1806 usus,
351 1773 397 1796 ae
437 1756 603 1796 incaute
647 1768 788 1797 tamen
835 1758 1040 1809 evulgata.
1103 1759 1357 1816 Opportuna
1391 1764 1490 1805 haec

70 1846 186 1874 erant
229 1834 402 1874 sinistris
443 1833 763 1874 Haereticorum
804 1834 1247 1889 interpretationibus,
1289 1851 1329 1879 et
1367 1857 1490 1896 saepe

68 1912 134 1950 vel
166 1911 216 1950 ad
250 1911 512 1950 conflandam
553 1911 727 1962 Origeni
767 1911 990 1962 invidiam,
1030 1929 1211 1969 eumque
1253 1916 1366 1957 salsis
1413 1919 1490 1958 cri-

69 1988 250 2028 minibus
290 1987 732 2036 circumveniendum,
783 1989 850 2028 vel
901 1990 951 2029 ad
993 1992 1282 2044 quaerendum
1321 1995 1490 2036 nefariis

71 2065 332 2118 dogmatibus
365 2064 635 2120 splendidum
668 2064 951 2119 patrocinium
994 2067 1350 2112 adulterabantur.
1413 2072 1490 2113 Cui

70 2142 182 2182 malo
212 2154 258 2182 ut
291 2153 556 2191 occurreret,
587 2158 717 2197 seque
748 2141 823 2181 hac
855 2142 1093 2197 suspicione
1127 2146 1358 2195 evolveret,
1391 2165 1493 2189 con-

71 2219 226 2258 sultum
259 2221 351 2258 sore
382 2231 493 2259 ratus
525 2230 586 2259 est
615 2236 729 2259 suam
764 2220 813 2259 (le
845 2220 956 2269 Deo,
987 2222 1195 2276 rebusque
1228 2223 1378 2264 divinis
1400 2242 1493 2266 sen-

72 2296 243 2336 tentiam
283 2296 419 2337 missis
460 2298 509 2336 ad
549 2297 783 2336 Fabianum
825 2313 1000 2352 papam,
1049 2297 1239 2354 aliosque
1287 2301 1490 2343 antistites

73 2373 260 2428 epistolis
291 2373 507 2428 profiteri,
547 2387 588 2413 et
628 2373 659 2413 si
702 2374 802 2429 quid
834 2374 1059 2415 scribendo
1091 2390 1361 2431 peccaverat,
1405 2396 1492 2421 ma-

72 2461 162 2490 tura
193 2450 456 2505 poenitentia
488 2451 724 2491 emendare.
777 2450 948 2491 Caussas
979 2464 1119 2492 autem
1151 2455 1398 2497 temeritatis
1429 2474 1493 2498 re-

73 2527 170 2577 tulit
199 2528 239 2566 in
264 2528 547 2578 Ambrosium,
581 2529 694 2582 quod
729 2539 892 2568 secreto
925 2528 1036 2569 edita
1067 2529 1108 2570 in
1141 2532 1361 2586 publicum
1393 2551 1493 2589 pro-

72 2603 246 2644 tulisset.
326 2604 507 2645 Gravem
565 2605 632 2645 hic
680 2605 865 2645 Eusebio
929 2606 1065 2646 dicam
1115 2609 1310 2664 impingit
1360 2611 1492 2651 Baro-

196 2839 233 2893 ¹)
269 2840 354 2880 Csr.
387 2840 540 2881 Euseb.
572 2840 677 2881 Hist.
714 2843 861 2883 eccles.
898 2845 968 2886 lib.
1002 2845 1073 2886 Vl.
1108 2862 1196 2900 cap.
1228 2846 1294 2888 36.

1058 2921 1129 2959 ‹i÷÷
