1759 3125
460 90 852 132 OmGEMANonuM
882 90 1025 131 Lmen
1053 93 1082 130 l.
1424 90 1478 135 37

59 199 338 257 expeditionis
375 200 620 256 neutiquam
659 212 950 255 expresserunt
987 212 1175 256 tempus,
1219 201 1334 242 solus
1364 201 1474 243 illud

57 278 304 319 adnotatum
334 276 506 333 reliquit
534 276 764 326 Eusebius,
807 294 932 333 quem
962 277 1190 334 sequimur.
1265 276 1341 319 Sin
1371 278 1473 319 haec

57 366 151 395 ante
183 353 403 406 contigisse
433 353 696 409 pertenderis
714 371 839 410 quam
857 355 1039 395 Romam
1060 354 1203 395 ivisset
1222 354 1472 404 Mammaea,

56 444 103 472 ut
148 431 237 472 vult
283 430 490 472 Batonius
535 432 587 471 ad
631 447 720 471 ann.
753 430 848 475 220.
888 448 1001 472 num.
1034 431 1095 482 6.,
1128 454 1179 461 -
1224 431 1472 473 alterutrum

57 508 169 549 enim
200 508 427 549 dicendum
459 520 532 558 est,
561 524 638 548 nec
661 525 749 548 caru
774 508 931 564 quippe
949 509 1047 550 alias
1066 507 1314 549 Antiochiae
1334 508 1472 549 >fuisse

55 598 228 642 apparet
262 612 332 636 —,
377 586 626 626 sententiam
668 587 770 625 hauc
810 602 932 640 supra
975 603 995 626 a
1026 586 1149 627 nobis
1181 586 1379 626 obtritam
1409 602 1475 626 re-

54 663 203 719 peries.

169 741 287 782 VIII.
349 739 604 794 Ceterum1)
637 738 731 778 hinc
764 738 1024 794 Scripturam
1056 755 1212 779 sacram
1246 739 1473 780 Commen—

56 817 169 857 tariis
200 817 408 857 illustrare
440 817 642 869 Origenes
675 833 794 856 orsus
835 828 916 866 est,
954 816 1187 872 impulsore
1226 816 1469 867 Ambrosio,

56 894 128 950 qui
157 910 242 934 non
273 894 410 934 verbis
440 894 693 934 incendebat
722 894 875 943 solum,
907 895 981 934 sed
997 894 1202 934 sumtibus
1230 894 1357 935 etiam
1373 911 1472 950 sup-

53 971 282 1027 peditabat.
341 971 511 1023 Legitur
540 971 653 1027 apud
685 971 946 1021 Cedrenum,
978 972 1094 1027 quod
1126 983 1168 1011 et
1196 973 1248 1012 ab
1280 988 1331 1012 eo
1362 988 1475 1012 sum-

53 1060 196 1090 serunt
229 1048 399 1098 Suidas,
439 1060 482 1088 et
522 1048 696 1107 Glycas,
738 1047 967 1100 Origenem
1006 1064 1084 1103 per
1112 1065 1317 1090 annorum
1354 1061 1476 1090 octo·

58 1125 194 1166 decim
211 1125 394 1180 spatium
421 1125 562 1165 literas
590 1141 722 1166 sacras
752 1125 878 1165 fuisse
910 1125 1246 1181 interpretatum.
1292 1126 1471 1167 Minime

55 1203 100 1244 id
140 1203 312 1259 quidem
360 1201 566 1243 consentit
600 1202 774 1243 Eusebii
816 1202 1075 1252 rationibus,
1123 1203 1195 1259 qui
1245 1203 1473 1255 Origenem

56 1280 320 1333 sexagenario
361 1279 565 1335 majorem
599 1280 922 1321 Commentariis
953 1281 1216 1320 Matthaeum
1247 1280 1472 1321 illustrasse

56 1358 220 1409 scribit,
262 1357 432 1410 triginta
471 1356 633 1397 scilicet
671 1357 811 1407 annis,
851 1374 987 1413 eoque
1018 1357 1219 1412 amplius,
1248 1370 1473 1414 postquam

56 1435 318 1491 Scripturam
348 1434 534 1490 primum
566 1434 710 1490 coepit
741 1451 964 1490 exponere.
1024 1435 1098 1476 Sin
1138 1435 1198 1475 ita
1236 1436 1339 1476 haec
1368 1436 1475 1475 acci-

55 1511 210 1568 pienda
240 1523 404 1552 censeat
433 1510 606 1566 aliquis,
648 1511 765 1566 quasi
796 1512 1005 1567 quidquid
1034 1512 1077 1551 in
1107 1528 1323 1552 sacrorum
1353 1512 1475 1552 volu-

56 1588 220 1629 minum
249 1586 642 1642 interpretationem
673 1588 847 1628 diversis
876 1589 1142 1644 temporibus
1187 1588 1264 1629 otii
1296 1588 1476 1629 contulit

59 1665 276 1717 Origenes,
308 1664 551 1705 octodecim
579 1681 783 1705 annorum
816 1666 999 1721 spatium
1040 1666 1350 1722 exaequaverit,
1382 1666 1477 1706 lon·

58 1741 147 1795 gius
178 1741 302 1782 etiam
334 1740 796 1798 dissentio;.ejusmodi
826 1743 986 1799 quippe
1011 1744 1217 1785 rationem
1233 1742 1479 1799 neutiquam

61 1818 158 1860 duci
186 1834 310 1874 posse
342 1817 548 1860 existimo.
607 1819 750 1861 Multo
783 1820 1024 1862 credibilius
1055 1833 1117 1862 est
1147 1837 1195 1861 ex
1224 1820 1334 1860 male
1365 1820 1478 1860 lecto

61 1897 130 1937 vel
169 1895 380 1951 descripto
422 1895 652 1951 Epiphanii
706 1899 804 1938 loco
846 1910 1131 1938 commentum
1168 1897 1214 1938 id
1254 1896 1478 1952 prodiisse.

60 1973 293 2028 Postquam
326 1972 438 2012 enim
468 1974 520 2013 ab
543 1973 726 2026 Origene
743 1975 976 2030 postulasse
1006 1973 1281 2014 Ambrosium
1306 1973 1421 2023 dixit,
1437 1972 1481 2028 2)

62 2061 109 2091 ut
137 2065 271 2091 sacras
301 2049 539 2105 Scripturas
570 2048 944 2106 interpretaretur,
988 2051 1034 2091 id
1073 2050 1132 2092 ait
1159 2050 1299 2107 ipsum
1324 2051 1367 2091 in
1398 2049 1484 2108 Ty-

62 2127 126 2167 rio
157 2136 321 2168 secessu
351 2142 428 2181 per
458 2138 556 2166 octo
590 2138 630 2167 et
661 2127 810 2180 viginti
829 2145 959 2169 annos
980 2127 1139 2169 fecisse.
1190 2128 1351 2182 Alio-³)
1379 2126 1482 2168 item

65 2205 163 2245 loco
203 2203 342 2244 divina
381 2202 598 2244 volumina
639 2204 868 2257 Origenem
909 2205 1011 2262 Tyri
1052 2205 1197 2245 scribit
1243 2205 1482 2260 explanasse

66 2281 142 2324 ἐπὶ
173 2282 244 2335 ἔτη
275 2279 344 2333 κη’.
404 2280 614 2322 Similiter
655 2283 827 2334 Suidas,
862 2282 966 2323 alios
993 2294 1178 2332 secutus,
1216 2294 1355 2323 narrat
1383 2283 1485 2322 Am-

65 2357 198 2398 brosii
226 2369 373 2411 rogatu
405 2358 642 2414 Scripturas
676 2360 904 2413 Origencm
937 2360 1175 2416 explanasse
1218 2362 1292 2403 ἐπὶ
1323 2360 1396 2413 ἔτη
1427 2357 1485 2413 ιή.

67 2434 195 2476 Vides
226 2451 419 2488 germana
448 2436 549 2476 haec
581 2452 729 2481 eorum
756 2454 856 2489 esse,
888 2454 993 2494 quae
1017 2438 1183 2494 scripsit
1205 2436 1488 2493 Epiphanius;

196 2685 235 2740 ¹)
270 2686 357 2728 Cfr.
388 2686 544 2727 Euseb.
576 2685 683 2728 Hist.
716 2687 865 2730 eccles.
898 2688 968 2729 lib.
1001 2690 1071 2731 Vl.
1106 2705 1193 2746 cap.
1225 2688 1292 2734 23.

195 2753 238 2809 ²)
271 2755 359 2796 Cfr.
388 2755 596 2813 Epiphan.
628 2757 798 2799 Haeres.
832 2758 899 2802 64.
934 2775 1022 2815 cap.
1052 2759 1090 2803 3.

194 2823 236 2878 ³)
269 2823 354 2866 Csr.
383 2825 591 2882 Epiphan.
628 2828 678 2868 dc
710 2844 838 2869 meus,
874 2840 914 2869 ct.
943 2829 1071 2884 pond.
1107 2845 1194 2884 cap.
1227 2827 1291 2872 18-
