1759 3125
383 764 667 814 PETRI
731 761 1208 815 DANIELIS

597 903 992 964 HUETII

274 1054 1314 1144 ORIGENIANA.

172 1340 384 1382 OPERIS
416 1340 633 1382 TOTIUS
666 1338 982 1381 PROLOGUS
1014 1338 1089 1378 ET
1121 1334 1419 1378 PARTITIO.

94 1440 345 1519 colligenti
372 1465 410 1522 ¹)
456 1465 561 1506 mihi
614 1465 858 1522 superstites
910 1462 1258 1520 primigeniorum
1312 1457 1507 1512 Origenis

91 1553 284 1608 Operum
323 1550 544 1606 reliquias,
594 1562 636 1591 et
678 1551 720 1591 in
759 1549 975 1606 publicam
1014 1549 1153 1588 lucem
1196 1546 1293 1585 dare
1330 1541 1508 1599 paranti,

90 1629 298 1684 optimum
330 1630 446 1669 factu
476 1627 611 1668 visum
643 1639 724 1678 est,
764 1639 804 1667 et
834 1627 959 1678 vulgo
990 1623 1118 1673 utile,
1158 1638 1234 1663 nec
1265 1637 1287 1662 a
1317 1620 1509 1676 Scripto-

89 1723 183 1746 rum
214 1705 358 1746 aetatis
388 1704 524 1763 hujus,
555 1705 627 1760 qui
651 1706 853 1745 Veterum
887 1703 1059 1744 edendis
1089 1697 1375 1741 monumentis
1408 1713 1510 1753 ope-

88 1799 177 1823 ram
208 1799 323 1823 suam
357 1793 672 1832 consecrarunt,
715 1780 1017 1822 consuetudine
1048 1778 1233 1819 alienum
1262 1792 1328 1817 res
1360 1775 1511 1827 Orige-

87 1859 152 1900 nis
182 1860 350 1900 referre.
399 1858 530 1912 Quod
555 1876 680 1915 parce
711 1876 735 1900 a
762 1858 993 1908 nonnullis,
1023 1856 1293 1907 indiligenter
1321 1854 1372 1893 ab
1405 1850 1510 1900 aliis,

87 1936 228 1992 plene,
260 1946 300 1976 ct
330 1935 471 1976 animo
502 1937 572 1976 vel
612 1953 797 1987 amore,>
823 1937 890 1976 vel
932 1932 1040 1974 odiis
1078 1947 1235 1981 vacuo,
1281 1946 1304 1971 a
1341 1928 1510 1970 nemine

89 2012 262 2052 omnino
291 2013 452 2052 factum
482 2014 643 2062 adhuc,
673 2013 862 2055 sedulam
896 2024 937 2053 et
965 2010 1188 2052 affectibus
1220 2009 1396 2049 liberam
1427 2018 1510 2047 tra-

88 2090 317 2131 ctationem
334 2092 595 2146 exposcebat.
644 2092 727 2131 Res
752 2090 948 2143 Origenis
967 2088 1077 2138 dico,
1106 2103 1193 2127 non
1218 2096 1348 2138 gestas
1364 2084 1513 2132 modo,

86 2168 159 2207 sed
192 2167 390 2219 cogitatas
421 2168 546 2208 etiam
577 2169 627 2208 ab
660 2184 733 2218 eo,
773 2181 815 2209 et
858 2167 991 2208 literis
1028 2163 1239 2221 proditas:
1278 2178 1357 2202 nec
1398 2160 1511 2201 enim

86 2246 246 2296 agendo
285 2245 446 2294 solum,
485 2245 558 2286 sed
595 2246 840 2286 meditando
887 2260 1077 2301 quoque,
1116 2239 1441 2282 commentando
1470 2248 1512 2277 et

85 2323 307 2363 scribendo
349 2322 458 2364 vitae
496 2339 593 2363 suae
635 2323 721 2364 otia
751 2323 959 2375 Origenes
997 2320 1174 2377 partitus
1216 2328 1289 2358 est.
1351 2315 1512 2369 Quam-

87 2399 235 2439 obrem
265 2398 468 2439 trifariam
500 2399 711 2440 dividetur
739 2399 852 2440 istud
873 2433 884 2454 ,
917 2399 1034 2455 quod
1072 2394 1357 2449 aggredimur,
1390 2407 1511 2448 opus.

86 2476 149 2515 Ac
179 2475 365 2531 primum
402 2476 531 2532 ipsius
570 2475 886 2533 per-scribemus
917 2476 1068 2526 vitam,
1110 2474 1242 2522 sacta,
1280 2485 1434 2520 mores,
1475 2478 1516 2508 et

207 2666 245 2722 ¹)
279 2667 364 2708 Cfr.
406 2668 500 2709 edd.
546 2667 671 2709 Huet.
713 2668 836 2710 Tom.
871 2666 911 2708 Ἰ.
952 2664 1050 2706 Fol.
1084 2662 1120 2707 1.
1161 2678 1274 2717 seqq.
1319 2658 1417 2700 coll.
1450 2657 1514 2698 ed.

86 2722 220 2762 Ruaei
259 2723 388 2763 Tom.
416 2724 491 2766 IV.
534 2736 575 2764 et
615 2724 786 2780 quidem
830 2722 1038 2779 Aippend.
1080 2734 1174 2775 pag.
1201 2718 1268 2761 79.
1317 2731 1430 2770 seqq·
1464 2738 1514 2744 -

87 2776 165 2818 Ed.
196 2779 331 2819 Ruaei
361 2780 470 2820 hunc
502 2781 630 2821 offert
659 2781 852 2822 titulum:
909 2775 1138 2820 Clarissimi
1176 2773 1295 2816 Petri
1323 2769 1514 2813 Danielis

86 2833 246 2884 Huetii,
274 2834 477 2892 Episcopi
510 2837 791 2887 Abx-incensis,
824 2834 1102 2891 Offigeniana.

87 2910 306 2953 Omossms
339 2911 508 2955 OPERA.
540 2913 660 2955 Tom.
690 2913 852 2955 XVIII.
1212 2906 1232 2949 1
