1759 3125
256 70 340 114 318
676 67 820 108 PETRI
849 66 1066 108 DAMELIS
1101 68 1266 109 HUETu

256 183 314 223 cit
344 197 529 222 caussam
560 180 722 222 Homil.
756 180 822 224 13.
854 181 896 220 in
930 182 1056 220 Num.
1088 197 1203 227 num,
1234 180 1288 230 7.,
1320 191 1546 235 postquam
1579 195 1681 221 cun-

255 262 351 300 dem
383 258 589 301 Matthaei
621 259 765 299 locum
796 259 848 298 ad
880 244 1171 298 testimonium
1205 257 1369 298 citavit:
1402 257 1465 299 Et
1496 255 1548 298 Ob
1582 255 1681 308 hoc,

253 338 414 394 inquit,
452 348 594 391 neque
632 332 867 377 diabolum
909 336 1101 375 removit
1140 347 1170 375 a
1205 335 1480 390 principata
1509 335 1687 376 saecula·

255 415 413 471 hujus,
459 416 565 468 qaia
606 410 758 454 adlmc
798 425 905 467 opas
944 418 1010 452 est
1043 424 1184 467 opera
1215 411 1313 466 ejus
1342 409 1409 452 ad
1433 412 1685 467 pe7gfectc‘o-

251 506 356 534 nem
386 503 557 545 eoram,
590 491 669 546 quz'
696 485 955 531 coronanda·
981 496 1114 538 sant;
1145 501 1252 544 opas
1282 495 1351 529 est
1368 486 1519 530 adhuc
1542 501 1683 545 opera

252 571 350 626 ejus
381 566 446 610 ad
483 570 714 609 exercitia
754 567 1062 608 certaminum
1101 573 1147 606 et
1178 567 1396 607 victorias
1429 564 1679 609 beatorum.

250 645 479 703 Subiungit
506 645 783 700 postmodum
805 643 993 684 Balaami
1013 643 1173 683 idcirco
1202 643 1520 683 incantamentis
1539 644 1681 684 Deum

250 723 556 771 intercessisse,
597 722 694 777 quia
733 724 913 762 alterum
953 720 1146 776 alioquin
1178 720 1347 761 evenire
1378 737 1547 760 necesse
1580 733 1680 773 erat,

250 802 318 842 vel
357 800 568 856 populum
610 798 695 839 Dei
732 798 948 854 perditum
995 798 1107 850 dari,
1152 797 1187 839 si
1232 798 1510 838 daemonibus
1547 814 1569 838 a
1599 799 1682 839 Ba-

249 879 387 920 laamo
421 875 632 918 accersitis
663 875 828 917 arbitrii
859 875 923 917 sui
953 875 1145 917 facultati
1176 874 1309 916 libere
1328 875 1506 931 obsequi
1536 876 1677 917 licuis-

249 969 333 1010 set3
376 955 443 996 vel
473 954 508 995 si
537 953 702 995 arbitrii
730 954 797 995 sui
828 954 1023 995 libertate
1055 954 1264 994 deminuti
1295 955 1494 1006 fuissent,
1546 953 1675 995 fuisse

247 1035 345 1085 hoc,
375 1031 619 1075 damnasse
648 1031 984 1073 rationabilem
1016 1038 1310 1083 creaturam,
1342 1039 1389 1074 et
1419 1038 1530 1074 ante
1562 1038 1675 1074 tem-
1738 1016 1739 1019 Ἴ

242 1125 328 1168 pus
358 1111 567 1153 intulisse
588 1107 842 1165 judicium,
883 1116 930 1151 et
958 1107 1197 1165 impedisse
1228 1107 1456 1161 omnibus,
1487 1111 1566 1165 qai
1592 1107 1676 1150 ad-

243 1202 423 1232 versum
453 1200 527 1229 eos
555 1189 604 1228 in
635 1200 787 1242 agone
818 1194 1054 1229 certantes
1079 1194 1304 1242 poterant
1335 1189 1566 1228 coronari.
1624 1186 1679 1229 St

244 1269 367 1308 enim
397 1264 650 1306 daemonas
691 1261 947 1318 auferatur
989 1262 1183 1305 abertas
1229 1262 1444 1314 arbitra,
1494 1263 1672 1305 nullam

241 1344 373 1385 ultra
409 1344 798 1398 impugnaturum
847 1340 1053 1382 athletas
1096 1339 1292 1390 Cleristz‘;
1340 1341 1464 1382 nullo
1515 1349 1672 1383 antem

239 1424 572 1477 impugnante,
613 1432 695 1460 nec
734 1426 971 1460 certamen
1011 1416 1198 1472 aliquod
1222 1417 1463 1469 futaram;
1501 1425 1547 1459 et
1570 1417 1672 1459 sub-

243 1500 339 1540 lato
379 1499 660 1551 certamine,
701 1496 878 1538 nullum
915 1496 1134 1547 faturum
1171 1498 1457 1550 praemium,
1488 1496 1667 1538 nnllam

240 1578 495 1618 victoriam.
555 1582 612 1616 At
642 1574 832 1615 Homilia
866 1573 931 1617 15.
963 1574 1004 1613 in
1035 1574 1122 1614 Jos.
1154 1590 1269 1614 num.
1302 1573 1340 1615 6.
1372 1590 1531 1613 novum
1563 1574 1665 1630 quid

237 1672 285 1696 ac
316 1652 594 1694 memorabile
626 1651 981 1693 comminiscitur:
1024 1650 1376 1707 quotiescumque
1418 1653 1531 1692 enim
1571 1653 1668 1693 dae-

238 1714 339 1773 mon
371 1731 522 1787 aliquis
553 1742 651 1786 post
692 1742 855 1786 paratas
885 1728 1050 1769 homini
1080 1728 1154 1784 pio
1186 1728 1380 1778 insidias,
1426 1728 1560 1769 victus
1602 1741 1663 1769 est

237 1812 288 1850 ab
320 1825 386 1859 eo,
416 1825 556 1864 pugna
588 1809 862 1853 excedentem
905 1818 1066 1848 caestus
1107 1817 1324 1862 artemque
1355 1822 1586 1862 reponere,
1622 1818 1663 1847 et

236 1888 350 1942 apud
379 1886 561 1936 inferos,
602 1888 669 1927 vel
710 1887 967 1927 destinatum
1007 1883 1087 1924 sibi
1128 1884 1273 1924 locum
1313 1885 1537 1925 abeuntem
1576 1900 1661 1924 non

235 1963 415 2018 amplius
466 1963 710 2004 hominibus
763 1965 816 2004 ad
869 1962 1102 2018 nequitiam
1156 1960 1434 2002 sollicitandis
1486 1978 1660 2017 operam

233 2058 348 2082 suam
383 2041 596 2081 conferre:
629 2041 726 2080 hinc
757 2040 982 2080 imminuto
1015 2041 1270 2080 daemonum
1291 2050 1552 2079 tentatorum
1582 2055 1659 2079 nu-

233 2135 352 2159 mero
393 2117 604 2158 faciliores
647 2134 733 2158 esse
775 2120 828 2158 ad
869 2117 1024 2159 Christi
1061 2117 1190 2156 fidem
1229 2115 1387 2168 aditus,
1426 2116 1657 2172 pluresque

230 2197 287 2236 ad'
312 2196 455 2236 Deum
488 2195 700 2244 converti,
741 2211 866 2250 quam
909 2211 1004 2234 cum
1043 2192 1214 2245 integris
1248 2193 1381 2248 copiis
1411 2193 1562 2235 nefarii
1591 2194 1658 2235 illi

228 2275 371 2314 hostes
403 2274 693 2313 decertabant:
734 2271 779 2311 id
811 2272 929 2326 quod
960 2271 1275 2326 Scripturarum
1306 2274 1480 2312 demum
1510 2284 1657 2312 aucto-

229 2351 352 2391 ritate
385 2361 561 2390 conatur
589 2349 784 2405 probare.
854 2349 963 2390 Cum
995 2347 1053 2388 ait
1083 2360 1221 2388 autem
1253 2349 1529 2390 Adamantius
1560 2350 1650 2390 Ho-

228 2428 317 2470 mil.
350 2427 415 2471 35.
449 2427 491 2467 in
523 2429 622 2467 Luc.
683 2425 832 2480 Neque
862 2428 984 2467 enim
1016 2439 1168 2467 omnes
1200 2428 1400 2467 omnium
1428 2435 1538 2468 sant
1568 2426 1649 2468 ad-

227 2507 448 2555 versarii,
491 2502 572 2545 sed
607 2503 784 2559 singull
809 2504 1013 2558 singulos
1045 2501 1240 2554 habent,
1281 2506 1360 2560 qia·
1386 2501 1546 2559 ubique
1575 2517 1649 2545 eos

224 2588 490 2638 sequantur,
523 2588 568 2622 et
597 2584 690 2622 sint
722 2583 923 2622 comites:
968 2581 1012 2621 id
1042 2581 1098 2622 ita
1131 2581 1351 2622 conciliari
1380 2593 1522 2637 potest
1553 2598 1649 2623 cum

224 2659 535 2715 superioribus:
588 2676 692 2715 quos
737 2659 846 2700 vinci
888 2660 938 2700 ab
980 2659 1248 2709 hominibus,
1299 2671 1341 2700 et
1379 2659 1512 2700 victos
1545 2651 1649 2699 dixit

222 2737 432 2778 tentandis
463 2736 511 2777 iis
541 2737 763 2786 absistere,
796 2753 867 2777 eos
897 2736 1165 2789 significavit,
1206 2737 1278 2793 qui
1318 2752 1395 2792 per
1423 2737 1645 2778 intervalla

223 2815 381 2857 faciunt
413 2814 723 2870 impressiones,
756 2826 797 2855 et
826 2814 987 2855 bellum
1006 2815 1201 2856 adversus
1223 2814 1415 2856 homines
1445 2825 1642 2866 movent;
