1759 3125
458 71 851 115 Omeesmsonum
890 71 1033 115 Lmen
1065 74 1118 116 11.
1410 74 1493 120 247

71 184 199 228 Sicut
229 183 349 227 enim
372 196 460 239 per
490 180 702 226 umbram
731 183 992 240 Evangelii,
1023 182 1236 227 umbram
1260 185 1375 241 legis
1406 190 1488 229 im-

67 262 230 320 plevit:
257 263 343 312 sic,
388 262 495 317 quia
541 263 685 303 omnis
724 261 800 303 lex
837 260 1096 317 exemplum
1135 269 1180 304 et
1224 259 1392 304 umbra
1420 271 1489 306 est

69 340 456 382 caerimoniarum
497 338 775 390 coelestium,
827 337 1097 396 diligentius
1143 338 1486 396 requirendum,

67 424 223 458 utrum
251 422 378 458 recte
406 417 745 473 intellegamus,
775 416 922 473 legem
953 429 1121 474 quoque
1151 418 1410 472 coelestem,
1440 426 1488 461 et

68 495 375 536 caerimonias
409 497 602 551 superni
638 495 786 537 cultus
810 493 1148 551 plenitudinem
1178 508 1268 539 non
1300 494 1488 553 habere,

67 568 149 614 sed
181 569 394 627 indigere
432 571 685 629 Evangelii
719 575 938 624 veritate,
992 571 1114 629 quod
1148 575 1197 615 in
1237 574 1486 632 Joannis¹)

64 649 341 706 Apocalypsi
365 648 674 706 Evangelium
707 649 898 706 legimus
917 653 1260 707 sempiternum,
1290 650 1358 694 ad
1371 665 1488 695 com-

58 729 358 784 parationem
387 725 593 770 videlicet
627 725 759 784 liujus
790 730 941 771 nostri
952 728 1211 786 Evangelii,
1243 727 1363 785 quod
1374 737 1487 772 tem-

61 805 224 863 porale
254 812 336 858 est,
371 810 417 848 et
447 807 495 847 in-
528 806 790 847 transituro
832 803 1000 849 mundo
1043 820 1100 849 ae
1137 807 1318 850 saeculo
1344 821 1485 864 prae-

63 881 281 926 dicatum.
344 880 476 936 Quod
501 879 677 938 quidem
716 884 857 924 etiam
895 885 938 926 si
973 896 1110 940 usque
1139 882 1207 927 ad
1226 887 1487 942 passionem

60 960 257 1003 Domini
291 959 549 1004 Salvatoris
589 961 819 1016 inquirere
866 961 1162 1005 voluerimus:
1211 975 1487 1020 quamquam

62 1035 226 1081 audax
254 1045 300 1081 et
328 1039 630 1080 temerarium
667 1039 752 1093 sit,
792 1041 839 1081 in
866 1038 985 1081 coelo
1009 1041 1105 1097 ejus
1123 1052 1346 1096 quaerere
1371 1055 1484 1098 pas-

60 1118 254 1168 sionem;
294 1123 449 1159 tamen
488 1117 530 1157 si
565 1116 836 1172 spiritualia
872 1119 1105 1174 nequitiae
1135 1119 1185 1159 in
1216 1117 1483 1162 coelestibus

61 1201 188 1245 sunt,
237 1201 284 1236 et
333 1207 424 1236 non
463 1195 768 1236 erubescimus
814 1207 994 1238 crucem
1033 1196 1229 1238 Domini
1268 1195 1488 1252 confiteri

54 1278 250 1329 propter
278 1270 635 1314 destructionem
665 1285 846 1324 eorum,
885 1285 1001 1329 quae
1040 1285 1125 1316 sua
1159 1275 1372 1330 passione
1403 1272 1480 1318 de-

59 1352 237 1393 struxit
247 1368 262 1401 ;
291 1363 373 1392 cur
403 1352 646 1392 timeamus
675 1352 818 1392 etiam
848 1351 897 1391 in
923 1353 1132 1407 supernis
1163 1351 1282 1404 loeis,
1311 1353 1360 1393 in
1383 1366 1484 1395 con-

58 1430 362 1470 summatione
398 1428 685 1469 saeculorum
734 1425 912 1483 aliquid
955 1428 1102 1470 simile
1137 1430 1386 1485 suspicari,
1433 1437 1484 1472 ut

61 1508 262 1548 omnium
294 1506 494 1548 locorum
530 1506 698 1548 Gentes
728 1504 851 1546 illius
875 1507 1089 1561 passione
1119 1506 1390 1550 salventur?
1419 1508 1483 1549 Ex

59 1584 135 1625 hac
165 1583 418 1642 Hieronymi
459 1583 809 1640 interpretatione
851 1582 1006 1639 liquet,
1047 1601 1270 1641 perperam
1302 1602 1324 1627 a
1353 1585 1484 1628 ‚Iusti-

58 1662 184 1703 niano
225 1674 397 1719 accepta
435 1660 563 1702 fuisse
603 1661 730 1701 verba
770 1660 988 1714 Origenis3
1039 1674 1151 1703 nam
1194 1661 1313 1719 quod
1358 1663 1487 1721 apud

59 1753 163 1781 eum
194 1740 389 1796 legitur.-
421 1738 537 1789 Ἕως
574 1743 650 1793 τῆς
682 1742 935 1788 συντελείας
974 1742 1052 1782 τοῦ
1092 1739 1261 1789 παντὸς
1292 1744 1479 1791 αἰῶνος·

59 1829 199 1859 tamne
230 1821 377 1875 supine
411 1832 452 1859 et
481 1817 742 1871 negligenter
783 1816 1036 1858 intellexisse
1076 1819 1295 1860 credemus
1326 1819 1481 1861 Hiero-

60 1914 257 1954 nymum,
304 1909 352 1938 ut
391 1907 593 1937 verteret:
643 1897 692 1936 in
739 1898 1126 1938 consummatione
1162 1897 1481 1941 saeculorum?

58 1975 208 2016 Potius
250 1987 312 2016 est
352 1987 399 2015 ut
438 1974 625 2015 dicamus
668 1973 915 2026 legendum:
962 1973 1066 2018 Ἐπὶ
1105 1977 1180 2030 τῆς
1226 1979 1481 2025 συντελείας

60 2056 136 2097 τοῦ
169 2056 357 2101 αἰῶνος·
396 2052 519 2093 facile
558 2051 776 2094 literarum
805 2052 1141 2109 permutatione:
1181 2069 1278 2094 nam
1310 2066 1351 2094 et
1380 2053 1475 2096 libr.

58 2130 97 2174 5.
127 2130 170 2172 in
202 2131 321 2187 epist.
352 2131 404 2172 ad
434 2131 558 2172 Rom.
590 2147 703 2172 num.
737 2130 824 2182 10.,
870 2131 944 2172 ubi
976 2131 1103 2173 vertit
1132 2131 1328 2173 Rufinus:
1361 2145 1479 2174 mor-

58 2211 117 2252 tis
146 2207 292 2263 hujus,
323 2222 459 2264 quam
489 2211 536 2251 in
565 2209 853 2251 saeculorum
869 2210 975 2265 fine
1003 2211 1220 2266 suscepit:
1250 2209 1478 2252 verisimile

60 2297 121 2328 est
149 2286 360 2343 scripsisse
391 2286 540 2328 itidem
571 2287 822 2341 Origenem:
856 2287 961 2331 Ἐπὶ
1001 2292 1076 2342 τῆς
1118 2290 1371 2337 συντελείας
1401 2291 1479 2332 τοῦ

61 2367 233 2414 αῖῶνος.
293 2366 343 2405 Id
379 2364 412 2405 si
442 2364 499 2406 ita
530 2377 611 2417 est,
650 2365 906 2419 Origeniano
947 2366 1046 2407 huic
1087 2367 1185 2407 loco
1217 2366 1372 2407 lemma
1401 2365 1478 2407 hu-

59 2440 242 2498 jusmodi
274 2443 528 2484 Justinianus
567 2444 782 2485 immerito
822 2444 1084 2501 praefixerit:
1115 2441 1209 2489 εὈτι
1249 2447 1325 2487 καὶ
1364 2443 1477 2502 ὑπὲρ

61 2517 297 2576 δαιμόνων
327 2522 400 2565 δεῖ
424 2520 504 2566 τὸν
536 2521 737 2579 Χριστὸν
768 2525 1112 2581 σταυρωθῆναι,
1157 2524 1235 2566 καὶ
1262 2521 1477 2572 πολλάκις

61 2599 191 2641 τοῦτο
223 2600 283 2647 εἰς
311 2596 413 2648 τούς
443 2600 688 2659 ἐσομένους
719 2603 910 2651 αῗῶνας·
942 2601 1059 2657 quod
1091 2617 1187 2643 cum
1219 2613 1331 2643 extra
1363 2600 1477 2643 ordi-

185 2821 222 2874 ¹)
259 2818 342 2862 Csr.
375 2820 550 2879 Apocal.
583 2821 696 2873 xlv,
728 2820 764 2866 6.
