1759 3125
475 101 862 143 Omommnonnm
891 99 1036 141 Lmen
1065 101 1116 143 Π.
1409 104 1493 148 327

76 227 216 257 unum
246 213 415 257 coelum
446 212 648 267 aperiri:
679 213 956 268 aperiuntur
981 212 1187 269 plurimi,
1217 218 1269 251 ut
1299 210 1490 254 descen-

77 289 216 342 dant,
255 302 344 331 non
383 285 441 329 ab
480 300 595 339 un0,
634 287 718 330 sed
754 287 812 330 ab
845 290 1050 332 omnibus
1080 288 1212 330 coelis
1242 289 1403 344 angeli
1429 288 1495 331 ad

76 380 161 418 eos,
191 367 270 421 qui
293 362 511 406 salvandi
535 372 655 406 sunt.
714 367 770 406 Et
799 381 920 406 mox:
955 363 1148 417 Quando
1180 373 1336 407 autem
1370 365 1491 407 vide-

74 448 187 484 runt
211 444 466 499 principem
496 442 691 484 militiae
730 442 931 484 coelestis
969 443 1018 483 in
1057 443 1356 484 terrestribus
1386 442 1492 484 locis

75 522 364 569 commorari,
396 527 508 561 tunc
532 532 620 576 per
650 527 866 575 apertam
895 521 1020 562 viam
1049 521 1255 576 ingressi
1278 526 1385 561 sunt
1414 532 1490 561 se-

74 602 258 650 quentes
295 597 546 638 Dominum
583 609 737 649 suum,
777 603 823 638 et
854 603 1078 653 parentes
1114 596 1349 638 voluntati
1384 598 1494 653 ejus,

75 675 153 728 qui
178 671 416 715 distribuit
445 686 518 714 eos
546 671 752 715 custodes
781 671 1065 716 credentium
1094 675 1272 715 nomini
1283 686 1376 715 suo.
1427 673 1496 716 Tu

75 749 180 791 heri
201 747 285 790 sub
315 747 554 792 daemonio
583 762 702 799 eras,
734 748 865 792 hodie
894 747 976 791 sub
1006 751 1189 806 angelo.
1235 752 1325 792 Nec
1355 749 1494 790 multo

75 838 194 882 post:
236 826 404 869 Omnia
435 827 615 882 angelis
640 827 782 882 plena
811 833 938 868 sunt:
966 828 1074 869 veni
1100 827 1288 883 angele,
1318 828 1495 883 suscipe

75 916 282 945 sermone
314 915 576 945 conversum
606 902 665 944 ab
685 915 844 944 errore
861 905 1078 959 pristine,
1108 917 1138 946 a
1155 902 1370 946 doctrina
1387 901 1495 945 dae-

76 983 356 1032 moniorum,
389 977 446 1021 ab
476 981 722 1035 iniquitate
752 981 802 1020 in
834 979 983 1020 altum
1014 980 1243 1036 loquente:
1285 987 1331 1022 et
1359 981 1496 1022 susci-

71 1058 201 1113 piens
229 1070 331 1098 eum
360 1058 493 1112 quasi
518 1054 719 1101 medicus
748 1057 890 1100 bonus
923 1055 1109 1110 confove
1128 1064 1265 1113 atque
1289 1058 1494 1099 institue.

75 1133 305 1176 Parvulas
335 1120 428 1184 est}
468 1132 600 1176 hodie
638 1135 853 1177 nascitur
891 1147 1035 1180 μηρῷ·
1071 1147 1422 1190 repuerascens:
1450 1141 1496 1176 et

76 1212 249 1266 suscipe
281 1213 487 1253 tribuens
527 1214 574 1253 ei
609 1208 883 1266 baptismum
912 1208 1140 1252 secundae
1178 1212 1497 1267 regeneratio-

75 1290 160 1338 nis,
191 1295 236 1329 et
258 1285 430 1330 advoca
453 1286 539 1330 tibi
565 1287 680 1333 alios
708 1290 849 1332 socios
879 1289 1127 1329 ministerii
1154 1290 1236 1340 tui,
1267 1295 1320 1329 ut
1345 1289 1504 1329 cuncti

72 1367 261 1421 pariter
289 1378 382 1416 eos,
413 1367 491 1421 qui
519 1363 771 1421 aliquando.
796 1362 978 1422 decepti
1004 1371 1136 1415 sunt,
1176 1362 1406 1409 erudiatis
1436 1361 1502 1405 ad

64 1441 226 1498 fidem.
285 1443 720 1483 Animadvertendum
750 1453 791 1482 et
821 1441 930 1482 illud
962 1453 1024 1482 est
1055 1457 1076 1482 0
1107 1441 1202 1483 libr.
1218 1441 1257 1483 2.
1288 1444 1392 1497 περὶ
1415 1439 1501 1496 ἆρ-

73 1525 195 1577 χῶν,
235 1537 325 1576 cap.
357 1519 420 1567 10.
465 1536 579 1560 num.
613 1520 651 1562 7.
710 1520 869 1563 Potest
906 1527 1063 1561 autem
1102 1525 1147 1561 et
1193 1520 1332 1561 tertio
1367 1529 1502 1559 sensu

80 1596 198 1640 illud
225 1597 429 1652 intelligi
455 1594 510 1639 de
541 1595 756 1640 divisione
779 1599 885 1647 ista,
917 1603 986 1650 nt,
1019 1597 1236 1650 quoniam
1260 1597 1502 1650 unicuique

66 1673 304 1730 fidelium,
334 1676 522 1719 etiamsi
547 1676 760 1717 minimus
789 1676 850 1716 sit
879 1675 928 1715 in
959 1672 1172 1722 ecclesia,
1221 1671 1381 1714 adesse
1412 1686 1498 1713 an-

76 1753 209 1809 gelus
245 1750 438 1802 dicitur,
491 1754 570 1807 qui
609 1754 751 1793 etiam
796 1762 973 1807 semper
1007 1748 1162 1791 videre
1186 1750 1371 1803 faciem
1409 1750 1507 1792 Dei

79 1830 239 1872 Patris
270 1841 300 1869 a
328 1827 878 1884 salvatoreperhibetum
907 1835 952 1870 et
971 1827 1060 1883 liic,
1092 1828 1170 1882 qm·
1183 1829 1339 1882 utique
1359 1839 1502 1867 unum

81 1914 188 1949 erat
219 1918 319 1947 cum
349 1918 413 1955 eo,
445 1907 521 1946 cui
543 1911 781 1961 praeerat,
810 1907 853 1946 si
879 1908 917 1946 is
940 1917 1025 1962 per
1047 1901 1404 1950 inobedientiam
1433 1903 1502 1958 ef-

68 1984 274 2039 ficiatur
303 1981 543 2038 indignus,
584 1982 775 2035 auferri
810 1984 866 2023 ab
913 1995 963 2023 eo
1003 1982 1198 2037 angelus
1236 1979 1444 2023 dicatur:
1463 1982 1500 2037 ¹)

83 2069 129 2103 et
149 2068 261 2103 tunc
276 2073 391 2116 pars
409 2061 520 2116 ejus,
549 2058 599 2101 id
617 2067 698 2109 est,
732 2059 963 2100 humanae
981 2066 1185 2100 naturae
1200 2071 1318 2114 pars
1339 2058 1502 2100 avulsa

85 2154 116 2182 a
154 2139 250 2181 Dei
275 2144 417 2194 parte
470 2150 570 2179 cum
611 2135 870 2192 infidelibus
909 2135 1184 2193 deputatur,
1234 2139 1446 2192 quoniam
1462 2137 1504 2192 ²)

86 2217 452 2259 commonitiones
482 2217 683 2271 appositi
718 2213 807 2256 sihi
843 2228 873 2256 a
911 2215 1012 2257 Deo
1052 2214 1214 2270 angeli
1240 2227 1329 2255 non
1347 2212 1506 2267 fideli-

88 2303 162 2337 ter
192 2291 442 2335 custodivit.
504 2293 644 2333 Tomo
677 2309 846 2348 quoque
877 2292 941 2338 13.
972 2292 1015 2333 in
1048 2292 1200 2334 Matth.
1230 2308 1344 2331 num.
1367 2289 1403 2332 6.
1437 2306 1505 2331 so-

88 2372 139 2412 lis
170 2371 219 2412 iis
250 2369 480 2422 angelicam
513 2369 677 2410 videtur
708 2370 913 2422 assignare
942 2370 1142 2419 tutelam,
1183 2368 1254 2425 qui
1294 2383 1340 2408 ea
1369 2384 1412 2408 se
1444 2367 1507 2407 di-

90 2466 192 2501 gnos
220 2446 532 2503 praestiterint:
567 2445 666 2489 Ἵνα
697 2445 940 2507 ἕνεργήσῃ,
982 2446 1142 2502 inquit,
1177 2449 1359 2502 πνεῦμα
1390 2442 1506 2488 1}ch-

91 2534 264 2587 {J-aQtov
305 2530 364 2575 εἰς
402 2522 481 2567 τὸν
520 2522 595 2566 διά
628 2541 750 2573 τινας
790 2528 932 2573 αἰτίας
963 2521 1338 2584 παραδιδόμενον
1369 2521 1508 2579 αὐτῷ,

212 2721 252 2776 ¹)
282 2720 390 2762 Edd.
423 2719 591 2762 Humi:
621 2718 805 2763 dicetur.

209 2793 251 2847 2)
282 2792 393 2833 Edd.
425 2792 588 2833 Huctii:
621 2794 833 2846 quoniam
865 2793 1152 2834 commonitio
1191 2792 1391 2850 appositi
1427 2791 1518 2833 sibi

98 2861 127 2890 a
158 2848 256 2891 Deo
287 2849 450 2905 angeli
476 2861 565 2891 uon
585 2847 798 2903 fideliter
827 2861 928 2891 eum
958 2846 1216 2895 custodivit.
