1759 3125
452 102 845 144 OaermANoanm
887 99 1026 141 me‘.
1055 102 1089 141 Ι.
1423 103 1479 147 65

69 210 296 264 Gregorius
327 210 416 267 ipse
447 212 802 264 Thaumaturgus,
840 210 956 252 testis
991 210 1207 266 locuples,
1245 211 1317 267 qui
1344 213 1480 255 multo

68 299 162 328 ante
194 289 247 328 ad
285 288 540 340 agnitionem
583 288 767 329 veritatis
807 288 966 329 venisse
1006 305 1048 329 se
1079 287 1325 344 profitetur,
1357 306 1481 345 quam

69 364 122 403 ad
154 363 382 416 Origenem
412 364 663 406 accessisset.
737 365 968 417 Redarguit
1000 377 1041 406 et
1072 365 1301 417 Gregorius
1331 367 1483 423 Nysse-

68 456 167 490 nus,
214 457 394 496 eumque
434 460 482 482 cx
522 442 645 482 variis
687 455 729 483 ct
766 442 933 483 incertis
971 441 1253 482 Ethnicorum
1291 442 1483 498 philoso-

67 516 249 571 phorum
282 519 332 558 de
362 520 460 559 Deo
491 518 705 560 sententiis
737 518 825 559 veri
854 518 939 558 Dei
975 519 1171 559 notitiam
1211 519 1391 560 hausisse
1422 532 1482 560 te-

65 593 268 634 stificatur
297 594 339 635 in
370 595 451 636 vita
485 596 680 648 Gregorii
712 595 1013 647 Thaumaturgi
1043 612 1135 651 pag.
1167 595 1262 638 539.
1322 597 1480 637 Mirum

68 686 167 710 vero
198 671 410 727 scripsisse
442 673 600 713 Bedam
633 672 764 712 literis
801 672 1014 713 institutos
1057 674 1108 713 ab
1154 673 1338 726 Origene
1378 675 1483 715 Gre—

67 748 247 799 gorium,
280 761 320 789 ct
350 750 695 798 Athenodorum,
726 749 958 804 imperante
990 750 1290 806 Gordiano:¹)
1329 751 1481 792 mirum

69 842 238 881 quoque
270 826 522 867 existimasse
554 827 932 882 casaubonum,2)
975 827 1341 879 diligentissimum
1373 841 1484 870 certe

68 902 225 954 virum,
269 919 350 958 per
395 920 525 944 annos
572 903 687 958 ipsos
737 914 835 943 octo
879 904 1053 956 Origeni
1098 922 1271 960 operam
1320 907 1483 947 dedisse

71 978 347 1031 Gregorium,
379 981 446 1021 vel
476 981 646 1036 spretis,
686 981 754 1021 vel
783 980 1032 1022 inconsultis
1061 982 1270 1033 Eusebio,
1312 996 1352 1024 et
1382 984 1484 1025 Hie-

75 1176 225 1216 mn'mo
258 1177 447 1230 agitare
479 1176 667 1216 consilia
706 1178 1012 1232 cog-ffnozesset,
1053 1177 1211 1217 relzcto
1253 1190 1372 1219 orum
1405 1192 1482 1220 ex

73 1239 236 1272 ternae
270 1231 586 1287 plalosoplzme
622 1211 797 1284 studeo,
848 1235 1086 1274 accessisse
1127 1246 1223 1274 mm
1271 1248 1371 1275 cum
1409 1237 1484 1277 zllo

73 1286 138 1329 ad
164 1301 287 1338 eum
328 1292 410 1343 (μα’
433 1289 511 1329 ello
545 1297 745 1343 tempore
779 1288 1147 1332 Clere'steanornm
1172 1289 1483 1347 plumlosophme

66 1347 280 1400 princeps
309 1352 428 1393 erat,
462 1345 709 1398 Orzgenem
740 1344 958 1395 vs'dellcet,
991 1347 1483 1402 enjus,71r0plersere-

69 1409 170 1456 pta,
189 1403 336 1454 fama
367 1376 567 1442 ce’lebrl's
586 1409 707 1442 erm!
769 1404 814 1443 ln
849 1420 892 1442 ea
925 1414 1062 1442 autem
1106 1403 1321 1451 oratione,
1361 1421 1482 1459 quam

73 1459 271 1498 Caesarea
301 1459 512 1498 rediturus
543 1458 586 1498 in
615 1458 793 1513 patriam
827 1461 876 1499 ad
907 1459 1046 1513 ipsum
1079 1458 1305 1509 Origenem
1339 1461 1483 1502 habuit

72 1514 314 1566 Gregorius,
344 1531 430 1554 non
461 1514 597 1553 innuit
627 1531 669 1554 se
702 1515 875 1554 Athenis
904 1515 1121 1563 habitasse,
1151 1491 1225 1554 seed
1256 1517 1486 1558 admodum

70 1571 381 1611 adolescentem
413 1570 454 1609 in
484 1570 761 1610 Palaestinam
790 1572 1031 1625 profectum
1064 1587 1157 1610 cum
1189 1588 1348 1622 501010,
1382 1590 1486 1628 quac

70 1627 122 1666 ad
155 1626 291 1666 virum
323 1625 583 1666 Palaestinae
622 1627 823 1681 praesidis
862 1642 1108 1667 assessorem
1148 1629 1361 1669 tendebat.
1423 1632 1487 1670 ln-

71 1683 182 1722 dicat
213 1683 364 1722 deinde
396 1698 459 1746 se,
503 1683 658 1739 Berjto
698 1684 959 1738 praeterita,
985 1694 1098 1722 recta
1141 1685 1299 1724 venisse
1339 1687 1487 1727 Caesa-

71 1755 199 1788 ream,
229 1739 373 1794 ibique
404 1738 446 1778 in
480 1738 706 1790 Origenem
737 1739 946 1789 incidisse,
978 1739 1050 1794 qui
1082 1739 1119 1779 ei
1152 1740 1303 1781 deinde
1336 1755 1376 1782 et
1407 1760 1486 1783 una

72 1795 232 1835 scilicet
262 1795 379 1835 fratri
410 1806 558 1835 auctor
588 1796 687 1844 suit,
718 1807 766 1835 ut
795 1796 1089 1851 philosophiae
1123 1797 1268 1837 darent
1300 1816 1487 1853 operam,

73 1867 119 1891 ac
150 1852 301 1891 sensim
339 1851 513 1891 illorum
553 1851 701 1891 animis
742 1852 998 1893 Christianae
1038 1853 1250 1903 :eligionis
1289 1855 1485 1896 notitiam

73 1924 347 1963 amoremque
377 1907 608 1948 instillavit.
667 1908 848 1948 Videtur
864 1911 1085 1967 stsenus,
1119 1924 1212 1947 cum
1233 1910 1487 1962 Gregoiinm

74 1965 232 2017 legeret
260 1965 388 2004 tuisse
421 1963 614 2015 O1igenis
646 1964 915 2019 discipulum,
946 1965 1056 2004 hunc
1088 1981 1187 2004 vero
1211 1966 1485 2009 Alexandriae

74 2020 288 2070 docuisse,
328 2019 580 2061 existimasse
618 2020 739 2061 isthic
779 2037 821 2060 111
851 2020 1044 2072 Origenis
1076 2036 1170 2060 eum
1202 2024 1394 2064 transisse
1427 2026 1489 2066 di-

74 2077 307 2132 sciplinam.
367 2078 526 2117 Verum
563 2075 597 2116 si
634 2055 951 2117 Alexandrian?
969 2077 1017 2117 iit
1049 2078 1302 2129 Gregorius,
1334 2084 1488 2135 ploba-

72 2133 159 2174 bile
191 2144 264 2183 est,
297 2157 348 2164 --
381 2133 580 2197 quoniam
610 2133 668 2173 ihi
701 2133 995 2189 philosophica
1026 2134 1160 2174 studia
1199 2147 1395 2177 tractasse
1428 2139 1488 2178 di-

77 2190 186 2230 citur
214 2216 290 2239 -—,
348 2190 540 2241 Origenis
585 2190 765 2230 consilio
802 2190 906 2230 illuc
948 2190 1148 2230 Caesmea
1191 2191 1297 2233 circa
1336 2210 1488 2235 annum

74 2246 192 2295 235.,
239 2263 323 2302 quo
374 2258 568 2301 tempore
616 2248 783 2286 furebat
826 2246 1044 2286 Maximini
1086 2249 1346 2301 persecutio,
1394 2268 1488 2292 cum

74 2303 200 2343 fratre
233 2319 328 2342 cum
360 2318 446 2343 esse
485 2303 746 2357 profectum,
787 2314 834 2343 ut
871 2315 1093 2358 perspecta
1130 2303 1190 2344 ibi
1232 2306 1487 2348 Christiano-

76 2376 166 2398 rum
198 2359 552 2414 philosophorum
589 2359 831 2414 disciplina,
864 2371 903 2399 et
931 2371 1067 2399 sancta
1100 2359 1207 2400 vitae
1238 2363 1415 2413 ratione,
1447 2365 1489 2404 in

75 2416 362 2471 suscipiendae
402 2416 502 2455 fidei
543 2416 751 2456 desiderio
791 2417 916 2455 ambo
958 2416 1326 2470 confirmarentur3
1373 2420 1490 2460 inde-

77 2488 157 2526 que
194 2488 275 2512 una
314 2489 409 2512 cum
447 2483 590 2512 sancto
622 2472 896 2521 Firmiliano‚
945 2474 1222 2527 postmodum
1265 2476 1489 2517 Caesareae

76 2528 118 2567 in
161 2528 429 2583 Cappadocia
478 2528 707 2584 cpiscop0,
756 2529 798 2568 in
843 2528 1123 2568 Palaestinam
1170 2531 1222 2570 ad
1261 2532 1486 2584 Origenem

78 2583 185 2624 circa
217 2601 370 2624 annum
399 2584 516 2634 237„
556 2586 622 2625 vel
653 2584 750 2629 238.
782 2601 993 2633 rev·c1sos,
1032 2585 1244 2641 baptismo
1284 2603 1369 2629 esse
1408 2590 1490 2629 tin·

76 2651 177 2680 ctos.
206 2641 256 2681 R.

196 2709 236 2763 ¹)
269 2710 357 2752 Cfr.
386 2711 502 2752 Beda
534 2713 585 2752 de
615 2728 685 2752 sex
714 2723 857 2752 aetatt.
888 2713 1050 2762 mundi,
1081 2713 1122 2753 in
1155 2713 1388 2759 Gordiano.

193 2779 236 2834 2)
270 2779 354 2820 Cfr.
382 2781 614 2824 Casaubon.
646 2783 688 2822 in
718 2794 806 2823 not.
838 2783 889 2823 ad
909 2783 1109 2840 Panegyr.
1136 2783 1311 2835 Gregor.
1347 2785 1484 2824 Thau-

79 2834 268 2887 maturgi.

83 2913 303 2953 Omoems
336 2911 505 2953 OPERA.
539 2912 657 2954 Tom.
689 2913 830 2954 XXII.
1189 2915 1213 2954 5
