1759 3125
469 102 856 143 Omessmamossum
886 101 1028 140 LIBER
1046 102 1075 140 Ῐ.
1421 102 1476 145 59

69 213 213 265 viginti
243 213 465 253 decursum
496 213 536 253 in
567 212 914 267 interpretandis,
945 212 1056 269 juxta
1087 212 1301 254 Ambrosii
1332 225 1477 267 postu-

68 290 162 340 lata,
193 289 421 345 Scripturis
463 289 597 330 otium
635 307 756 330 suum
798 290 1085 331 consumsisse.
1153 289 1354 331 DIcerem
1386 307 1478 330 cor-

68 378 240 422 ruptum
271 383 292 407 a
322 367 500 407 librariis
538 384 781 416 numerum,
820 367 900 407 nisi
938 368 1102 407 duobus
1144 368 1255 422 apud
1293 368 1477 423 Epipha-

68 443 184 483 nium
216 443 319 484 locis
350 445 574 484 haberetur
610 444 746 493 idem,
785 443 1048 498 aliorumque
1086 444 1285 495 suffragio
1328 445 1480 485 confir-

68 532 263 562 maretur.
322 521 564 562 Dicendum
601 521 743 577 potius
781 522 825 561 id
866 537 912 561 ex
955 521 1066 572 vulgi
1106 521 1394 571 sermonibus,
1431 532 1480 561 ut

70 598 148 637 alia
179 599 404 654 pleraque,
442 598 727 654 Epiphanium
757 598 987 653 accepisse3
1018 622 1072 627 —
1108 597 1336 652 utrobique
1369 598 1480 637 enim

68 675 204 716 addit:
239 674 296 725 ὦς
328 675 349 719 ὁ
381 674 515 732 λόγος
545 677 654 731 ἔχει·
685 704 739 712 —
777 675 928 715 falsum
969 686 1108 714 autem
1138 675 1303 729 penitus
1334 674 1479 716 fuisse:

70 767 167 792 cum
198 753 309 793 enim
350 769 458 793 anno
500 751 656 794 Christi
693 751 858 792 circiter
886 751 981 794 254.
1023 752 1135 792 diem
1175 769 1297 792 suum
1329 752 1483 793 obierit

72 829 298 881 Origenes,
340 830 402 870 uti
440 830 544 870 infra
586 828 986 878 demonstrabimus,
1032 846 1140 869 anno
1189 846 1287 870 vero
1336 829 1481 870 aetatis

71 923 168 947 suae
199 907 280 959 69„
310 918 536 962 postquam
555 906 805 946 Alexandria
830 908 1016 957 excessit,
1046 906 1142 947 anni
1168 907 1398 947 admodum
1413 906 1479 951 23.

69 982 390 1024 intercesserunt
425 984 478 1024 ad
520 982 606 1040 ejus
647 984 833 1036 obitum3
878 1001 1058 1039 quorum
1098 984 1326 1025 nonnullos
1356 984 1482 1026 etiam

73 1060 296 1102 Caesareae
336 1060 568 1111 Stratonis,
606 1060 949 1117 Hierosolymae,
993 1061 1219 1101 Caesareae
1260 1062 1485 1118 Cappado-

73 1155 181 1190 cum,
216 1138 401 1189 Athenis,
433 1150 474 1179 et
503 1138 547 1179 in
577 1138 668 1179 aliis
700 1138 805 1179 locis
838 1138 1049 1178 contrivit.
1095 1139 1254 1179 Merito
1287 1156 1384 1192 ergo
1415 1140 1483 1180 hic

71 1214 355 1270 Epiphanium
397 1216 533 1269 arguit
575 1215 770 1257 petavius
816 1215 860 1255 in
905 1216 1111 1257 animadv.
1161 1218 1212 1257 ad
1250 1217 1376 1259 Haer.
1415 1217 1482 1260 64.

72 1309 158 1348 cap.
189 1293 228 1336 3.
287 1297 432 1335 Annos
471 1293 643 1350 quidem
681 1293 747 1337 28.
790 1294 1065 1334 Alexandriae
1109 1293 1244 1335 literis
1282 1295 1483 1336 docendis

70 1371 264 1426 praefuit,
293 1384 340 1412 ut
371 1374 638 1413 observatum
681 1383 742 1412 est
781 1371 1001 1412 Halloxio:
1025 1371 1061 1427 ¹)
1102 1387 1198 1411 nam
1227 1372 1377 1412 amisso
1412 1389 1486 1428 pa-

70 1458 133 1488 tre
179 1448 316 1488 statim
355 1449 435 1489 sibi
484 1450 679 1490 docendo
727 1450 885 1490 victum
927 1448 1151 1504 quaesivit,
1194 1461 1314 1490 natus
1354 1466 1484 1491 annos

74 1525 238 1566 circiter
268 1526 519 1568 octodecim.
578 1526 688 1567 Hinc
718 1527 769 1566 ad
800 1542 953 1566 annum
986 1525 1130 1566 aetatis
1161 1525 1244 1575 46„
1276 1544 1360 1582 quo
1388 1528 1485 1567 Ale-

71 1603 240 1643 xandria
271 1602 425 1659 ejectus
467 1615 548 1652 est,
586 1602 680 1643 anni
719 1602 967 1658 interjacent
1007 1603 1179 1642 omnino
1210 1602 1280 1646 28.
1347 1607 1484 1660 Atque

72 1680 178 1720 hanc
207 1679 446 1735 Epiphanio
479 1679 605 1720 fuisse
637 1680 800 1720 errandi
834 1697 1015 1721 caussam
1049 1680 1162 1720 credi
1192 1692 1349 1736 potest.

184 1757 301 1798 XIX.
361 1757 499 1799 Simul
543 1769 590 1798 ut
631 1757 875 1798 Caesaream
914 1758 1026 1798 venit
1066 1757 1268 1810 Origenes
1304 1759 1485 1799 Alexan-

75 1834 164 1875 dria
193 1835 353 1885 relicta,
384 1835 442 1875 ibi
473 1834 685 1875 literarum
716 1835 863 1876 studiis
894 1837 1129 1891 praefectus
1160 1848 1232 1885 est,
1262 1836 1486 1891 statimque

76 1913 128 1953 ad
159 1912 426 1968 capessendas
452 1912 707 1968 disciplinas,
740 1914 814 1954 sed
832 1913 1099 1968 potissimum
1118 1912 1358 1962 sanctiores,
1391 1930 1485 1954 cum

77 1991 296 2039 docendo,
346 2002 436 2031 tum
482 1990 705 2031 scribendo
750 1990 968 2030 universos
1000 1990 1214 2040 excitavit,
1261 1990 1337 2030 sed
1381 1991 1487 2031 duos

73 2068 310 2123 praecipue*
328 2067 463 2120 magni
493 2066 675 2107 nominis
710 2067 1011 2117 adolescentes,
1040 2068 1324 2107 Neocaesarea
1349 2068 1489 2108 oriun-

77 2146 165 2193 dos,
197 2145 316 2186 elaris
347 2145 507 2197 genitos
538 2144 794 2200 parentibus,
825 2146 897 2185 sed
916 2161 938 2185 a
965 2144 1131 2185 Christo
1157 2144 1316 2193 alienis,
1348 2144 1489 2186 Theo-

78 2223 252 2272 dorum,
290 2222 360 2278 qui
403 2234 441 2263 et
474 2222 702 2274 Gregorius
734 2223 969 2278 appellatus
1002 2234 1081 2272 est,
1118 2233 1158 2261 et
1189 2221 1489 2275 Thaumaturgi

79 2317 313 2353 cognomen
342 2299 518 2350 meruit,
561 2299 732 2358 ejusque
767 2301 961 2349 fratrem,
1002 2300 1338 2340 Athenodorum.
1402 2299 1489 2353 Qui

79 2395 175 2418 eum
206 2377 318 2419 Juris
349 2376 530 2418 Romani
569 2376 716 2417 studiis
749 2393 921 2433 operam
962 2376 1097 2417 daturi
1138 2377 1311 2418 Athenis
1334 2378 1374 2434 2)
1409 2378 1490 2418 Βυ-

199 2596 236 2649 1)
271 2596 358 2637 Cfr.
382 2596 548 2637 Hallox.
581 2594 623 2635 in
643 2597 742 2637 Not.
773 2596 824 2636 ad
849 2595 961 2647 Orig.
997 2596 1153 2635 defens.
1186 2595 1257 2636 lib.
1284 2595 1315 2635 Ῐ.
1348 2612 1422 2651 cap
1452 2596 1490 2639 7.

195 2666 237 2719 ²)
270 2666 443 2706 Athenis
475 2665 637 2706 scholas
667 2666 951 2721 frequentasse
972 2664 1225 2717 Gregoriuin
1257 2666 1370 2705 solus
1402 2683 1492 2705 nar-

84 2733 144 2762 rat
175 2723 366 2763 Socrates
397 2722 466 2762 lib.
503 2723 570 2762 lV.
606 2738 694 2777 cap.
727 2722 819 2773 27.;
852 2721 966 2774 euius
998 2723 1072 2760 hac
1105 2721 1145 2761 in
1180 2739 1222 2762 re
1254 2721 1492 2761 auctoritati

84 2777 261 2818 inultum
298 2790 422 2818 nocet
464 2778 658 2829 Gregorii
707 2778 833 2833 ipsius
872 2778 1169 2829 'l'hauinaturgi
1220 2779 1268 2816 d·-
1319 2777 1491 2817 Atho-nis

83 2835 313 2881 silentium,
360 2851 452 2874 cum
493 2835 660 2875 aliunde
703 2852 765 2875 res
797 2836 846 2875 ad
880 2852 920 2873 se
953 2834 1208 2889 pertinentes
1241 2835 1290 2872 ab
1323 2833 1492 2872 infantia
