1759 3125
232 97 318 142 404
776 88 1010 140 Excunsus
1041 96 1114 136 VI.

243 228 330 256 csse
361 210 594 254 seeundum
625 208 844 250 essentiam
877 221 918 250 et
948 207 1240 264 suppositum3
1272 206 1368 247 satis
1401 206 1482 263 jam
1514 219 1661 261 supcr-

243 308 326 348 que
357 291 693 332 demonstratum
725 298 808 336 est,
841 286 1062 327 essentiam
1093 286 1145 326 ab
1177 301 1226 325 eo
1261 282 1531 334 considerari,
1563 299 1663 337 qua-

242 380 366 410 tenus
397 366 520 407 certis
550 362 883 421 proprietatibus
915 362 1089 404 definita
1120 373 1204 413 cst,
1236 373 1298 412 et,
1328 373 1375 402 ut
1404 361 1494 417 ipsc
1525 358 1667 414 loqui-

242 458 324 497 tur,
355 441 685 498 circumscripta.

358 520 549 563 Tertiam
577 519 786 560 rationem
819 533 866 557 ex
898 532 949 557 eo
985 517 1155 572 repetit,
1187 517 1304 572 quod
1327 515 1464 556 Filius
1495 529 1516 554 a
1545 513 1670 554 Pan-e

249 599 392 641 omnia
432 597 667 654 acceperit,
718 607 759 636 et
789 595 919 634 frater
958 605 1125 644 noster,
1170 604 1362 649 suscepta
1393 591 1571 631 humana
1600 606 1671 631 na-

249 690 357 727 tura,
387 676 520 717 sactus
550 674 616 716 sit.
675 673 746 715 Sic
778 671 889 712 enim
908 670 1121 712 Christum
1153 670 1317 711 inducit
1346 685 1424 710 nos
1456 667 1673 723 alloquen-

251 767 361 796 tem:
389 751 662 811 Ἀρχιερεῖ“)
703 747 795 807 γὰρ
825 750 887 804 τῷ
918 747 1034 804 ὑπὲρ
1064 747 1197 804 ὑμῶν
1226 748 1553 790 κατασταθέντι
1584 741 1674 786 ὑπὸ

253 835 333 876 τοῦ
364 829 558 885 πατρὸς,
601 829 677 871 καὶ
708 823 982 884 παρακλήτῳ
1015 823 1102 869 ὑπὸ
1133 828 1213 869 τοῦ
1243 823 1414 880 πατρὸς
1444 820 1562 866 εἶναι
1591 824 1677 863 λα-

252 907 402 967 βόντι,
443 901 659 964 εὔχεσθαι
700 903 821 961 ὑμᾶς
861 903 913 948 οὐ
955 904 1046 959 δεῖ,
1089 902 1204 947 ἀλλὰ
1244 902 1298 945 δι’
1334 901 1572 957 ἀρχιερέως
1602 899 1679 941 καὶ

254 983 560 1044 παρακλήτου.
698 981 905 1040 Ἀδελᾳῷ
938 982 988 1024 δὲ
1018 978 1356 1038 προσεύχεσθαι
1401 977 1505 1027 τοὺς
1538 993 1679 1031 κατη-

260 1066 510 1121 ξιωμένους
541 1059 641 1109 ἑνὸς
673 1058 812 1104 αὐτοῦ
844 1057 1015 1113 πατρὸς
1045 1056 1127 1101 οὐκ
1158 1058 1280 1100 ἔστιν
1313 1053 1522 1113 εὔλογον.

368 1139 594 1182 Clausulae
634 1137 732 1178 loco
779 1148 970 1193 quartam
1009 1135 1216 1176 rationem
1246 1133 1441 1191 subjicit,
1471 1146 1518 1175 ut
1549 1132 1684 1173 eccle-

255 1216 444 1260 siasticae
478 1231 626 1272 preces
656 1214 729 1254 uni
761 1215 924 1255 formae
955 1214 1199 1262 reddantur,
1230 1228 1307 1252 nec
1326 1211 1417 1252 aliis
1435 1210 1559 1251 aliter
1587 1226 1685 1266 pre-

257 1293 448 1335 cantibus
488 1292 740 1347 discrepent.
792 1289 909 1346 ³11²)
950 1289 1053 1346 οὐχὶ
1092 1285 1361 1346 σχιζόμεθα,
1409 1287 1492 1332 ἐὰν
1527 1288 1687 1346 οἱμὲν

258 1373 320 1428 τῷ
352 1371 514 1428 πατρὶ,
550 1371 593 1412 οἱ
624 1369 674 1412 δὲ
704 1371 766 1424 τῷ
799 1369 883 1424 υἱῷ
914 1364 1184 1424 sammaa,-
1223 1367 1419 1409 ἰδιωτῶν
1456 1362 1688 1421 ἁμαρτίαν

262 1448 375 1492 κατὰ
406 1445 585 1500 πολλὴν
616 1444 912 1504 ἁκεραιὸτητα
943 1442 1020 1488 διὰ
1051 1442 1100 1487 τὸ
1134 1440 1443 1500 ἀβασάνιστον
1474 1445 1549 1485 καὶ
1581 1440 1689 1485 ἀνει-

263 1530 477 1577 ξέταστον
516 1522 880 1581 ἁμαρτανόντων
909 1523 1009 1579 (leg.
1042 1519 1402 1580 ἁμαρτάνοντες)
1433 1523 1525 1565 τῶν
1548 1536 1689 1577 προς-

262 1606 525 1661 ευχομένων
555 1601 619 1659 τῷ
652 1604 754 1659 υἱῷ,
796 1605 882 1646 εἴτε
920 1597 1036 1656 μετὰ
1078 1601 1158 1643 τοῦ
1189 1596 1383 1658 πατρὸς,
1426 1601 1512 1642 εἴτε
1546 1600 1688 1655 χωρὶς

263 1685 342 1727 τοῦ
373 1676 559 1739 πατρός.

342 1759 439 1800 'Ex
468 1756 533 1798 his
571 1767 709 1813 patet,
757 1754 862 1796 nihil
901 1754 1021 1795 aliud
1063 1753 1239 1807 Origeni
1276 1751 1547 1810 propositum
1589 1767 1691 1805 esse,

267 1836 348 1879 nisi
380 1848 428 1877 ut
460 1851 506 1876 ea
537 1832 740 1891 precandi
770 1832 881 1874 ratio
913 1834 1176 1885 observetur,
1207 1848 1312 1888 quae
1342 1831 1454 1884 viget
1482 1832 1524 1872 in
1557 1832 1693 1872 cccle-

265 1914 337 1965 sia,
367 1925 415 1954 ut
444 1913 571 1954 Pater
600 1928 678 1968 per
705 1910 865 1952 Filium
899 1921 1056 1951 oretur.
1126 1910 1234 1951 Cum
1272 1921 1464 1950 naturam
1507 1908 1693 1951 divinam

264 1991 308 2033 in
340 1990 455 2032 Filio
489 1988 741 2039 considerat,
771 1989 928 2030 fatetur
958 2004 1054 2028 eum
1086 1988 1395 2028 obsecrandum
1426 2003 1526 2037 esse,
1556 1987 1607 2026 ab
1641 2001 1691 2025 eo

266 2068 596 2126 postulandum,
638 2066 788 2119 gratias
821 2066 860 2106 ei
890 2066 1095 2119 agendas3
1134 2066 1209 2107 sed
1238 2082 1333 2106 cum
1364 2062 1565 2113 attendit,
1596 2079 1694 2103 eum

269 2162 293 2187 a
322 2146 448 2187 Patre
480 2143 622 2184 omnia
653 2142 887 2199 accepisse,
930 2154 971 2183 et
1011 2153 1155 2183 nostra
1196 2157 1317 2182 causa
1356 2142 1617 2182 incarnatum
1648 2157 1694 2181 ac

270 2224 444 2264 fratrem
473 2233 666 2262 nostrum
697 2221 854 2261 factum
888 2236 988 2270 esse,
1020 2218 1237 2260 concludit
1262 2234 1431 2275 preces,
1472 2234 1572 2274 quas
1617 2234 1696 2258 nec

273 2300 431 2357 plurali
461 2314 654 2349 numerO,
683 2314 762 2339 nec
792 2296 908 2337 vario
941 2308 982 2337 et
1012 2295 1267 2336 inconstanti
1296 2296 1428 2336 modo
1456 2295 1601 2336 efferri
1623 2296 1695 2335 de-

276 2390 356 2429 cet,
386 2378 439 2419 ad
467 2377 636 2418 Patrem
667 2391 745 2432 per
771 2371 934 2415 Filium
965 2390 1053 2414 esse
1084 2374 1336 2426 dirigendas.
1391 2374 1476 2415 Sed
1502 2373 1573 2429 qui
1596 2373 1695 2415 Ori-

273 2454 369 2509 geni
396 2454 458 2495 his
488 2453 532 2495 in
563 2453 668 2495 locis
697 2451 804 2494 nihil
834 2462 978 2493 contra
1008 2450 1272 2492 divinitatem
1304 2449 1462 2493 Christi
1493 2450 1693 2492 excidisse

397 2644 436 2700 ¹)
471 2643 555 2684 Cfr.
588 2643 661 2684 lib.
695 2643 747 2683 de
779 2642 896 2684 Orat.
927 2656 1041 2682 num.
1075 2641 1141 2685 15.
1173 2642 1272 2683 coll.
1307 2642 1370 2683 ed.
1402 2653 1533 2684 nostr.
1567 2642 1691 2683 Tom.

274 2701 414 2742 XVII.
446 2716 538 2755 pag.
570 2700 664 2743 151.

391 2769 434 2827 ²)
470 2770 557 2812 Cfr.
589 2770 664 2811 lib.
696 2769 749 2810 de
779 2767 898 2810 Orat.
927 2783 1042 2811 num.
1078 2768 1142 2813 16.
1173 2768 1272 2810 coll.
1306 2769 1370 2811 ed.
1401 2781 1532 2812 nostr.
1565 2769 1688 2811 Tom.

272 2827 408 2870 XVII.
436 2842 529 2883 pag.
562 2826 656 2871 152.
