1759 3125
495 88 884 129 ORJGEMANORUM
915 88 1057 128 Lfflmt
1090 89 1121 128 Ι.
1464 91 1520 135 87

96 199 299 251 infligere,
331 200 513 239 eundem
546 215 645 239 vero
679 210 843 255 sperata
875 215 954 254 per
982 209 1166 239 mortem
1193 199 1380 256 martyrii
1411 217 1520 242 mer-

98 277 198 315 cede
229 274 411 330 privare.
471 275 740 316 Ostentatum
780 275 921 332 itaque
963 275 1202 316 certaminis
1244 286 1286 315 et
1318 276 1514 319 laborum

92 351 326 406 praemium
357 351 399 391 in
432 352 549 392 aliud
580 363 746 407 tempus
778 353 954 393 dilatum
991 364 1063 394 est.

205 428 284 468 Ill.
342 428 459 468 Bene
485 429 525 484 ¹)
557 440 697 469 autem
727 431 778 470 de
809 445 852 469 se
882 428 1036 469 merito
1069 428 1291 480 magistro,
1334 430 1434 470 dum
1466 430 1509 472 in

90 504 312 544 tormentis
345 517 472 554 esset,
515 505 699 561 optimus
739 506 994 561 discipulus,
1047 521 1088 546 et
1118 505 1270 546 veteris
1301 507 1508 549 amicitiae

87 597 253 621 memor
282 581 512 639 Dionysius
546 582 855 624 Alexandrinus
883 599 970 623 non
1002 582 1151 632 defuit,
1182 582 1423 639 librumque
1453 586 1506 625 ad

88 674 183 698 eum
215 659 265 698 de
296 658 495 716 martyrio
527 659 704 714 scripsit,
736 676 820 715 quo
854 659 1039 700 animum
1070 659 1134 699 illi
1166 659 1316 700 dolore
1347 676 1395 700 ac
1425 660 1504 701 mi·

85 734 190 774 seria
220 736 507 776 tabescentem
537 737 755 787 relevaret,
789 748 830 777 et
861 737 897 777 ei
928 737 1070 778 solatii
1099 748 1329 793 praestaret
1353 737 1503 789 vicem,

86 811 156 866 qui
187 812 278 852 aliis
308 812 412 852 banc
444 813 637 853 omnibus
668 815 874 868 praebere
903 814 1054 855 solitus
1086 826 1186 855 erat.

195 889 267 930 IV.
327 889 593 944 Nicephorus
623 890 798 930 Eusebii
829 903 1060 947 perpetuus
1091 902 1318 932 assectator
1349 892 1500 932 ducem

81 982 202 1006 suum
230 965 299 1006 hic
330 967 498 1017 deserit,
531 980 571 1008 et
600 966 643 1007 in
673 978 837 1008 atroces
867 969 1065 1010 adversus
1099 968 1349 1021 Origenem,
1380 986 1500 1010 more

79 1043 312 1084 recentium
345 1044 620 1094 Graecorum,
653 1044 880 1085 calumnias
912 1045 1097 1086 divertit.
1165 1046 1276 1086 Eum
1316 1045 1374 1086 ait
1404 1063 1497 1086 mo-

80 1120 210 1161 destia
249 1138 296 1161 ac
337 1121 569 1162 Christiana
610 1122 870 1172 humilitate,
913 1139 1018 1178 quae
1061 1122 1263 1163 virtutum
1308 1122 1497 1163 omnium

78 1213 226 1253 parens
260 1210 333 1248 est,
364 1198 536 1249 amissa,
566 1197 607 1238 in
639 1197 827 1239 Deciana
857 1199 1152 1254 persecutione
1183 1199 1406 1240 tormentis
1437 1200 1498 1239 af-

77 1274 263 1324 flictum,
305 1291 424 1315 suam
475 1275 646 1331 quidem
694 1276 968 1316 constantiam
1020 1293 1066 1316 ac
1111 1276 1239 1316 fidem
1294 1276 1496 1317 ecclesiae

75 1351 350 1406 praestitisse3
380 1368 526 1393 verum
559 1353 733 1392 admoto
765 1353 1005 1408 Aethiope,
1037 1352 1109 1409 qui
1141 1353 1370 1394 castissimo
1403 1371 1496 1394 cor-

74 1429 168 1483 pori
201 1428 419 1479 illuderet,
456 1430 578 1470 thura
608 1428 703 1470 Diis
740 1431 913 1470 adolere
953 1430 1177 1480 maluisse,
1222 1446 1346 1485 quam
1387 1427 1494 1485 ejus-

74 1506 192 1546 modi
222 1508 428 1562 probrum
458 1506 500 1546 in
532 1524 574 1546 se
606 1507 853 1547 admittere:
897 1518 1021 1562 atque
1060 1507 1159 1547 inde
1191 1507 1331 1547 divina
1363 1507 1492 1558 gratia

74 1600 170 1623 cum
202 1583 433 1632 excidisset,
467 1584 510 1623 in
542 1583 672 1623 varias
703 1583 890 1624 haereses
923 1584 1154 1638 delapsum,
1187 1583 1416 1639 multisque
1446 1584 1490 1624 in

73 1677 260 1701 errorem
290 1660 490 1709 inductis,
534 1661 584 1699 ab
617 1659 792 1700 ecclesia
823 1660 977 1701 Christi
1008 1661 1135 1713 longo
1166 1672 1265 1716 post
1294 1673 1489 1716 tempore

72 1738 200 1778 fuisse
232 1737 564 1778 exterminatum.
624 1737 740 1778 Haec
770 1737 896 1778 habet
923 1737 1203 1792 Nicephorus,
1227 1738 1268 1793 2)
1301 1754 1405 1793 quae
1435 1739 1488 1779 ad

74 1815 257 1855 veritatis
287 1814 485 1855 amussim
519 1826 728 1864 revocata,
761 1825 801 1854 et
835 1830 928 1854 cum
951 1826 1140 1854 veterum
1165 1814 1343 1870 scriptis.
1374 1816 1486 1855 unde

72 1894 293 1947 depromta
324 1904 431 1942 sunt,
463 1892 669 1941 conflicta,
700 1893 830 1932 fidem
860 1908 976 1931 suam
998 1893 1250 1947 decoquent.
1300 1892 1486 1932 Nimiam

72 1970 182 2011 enim
222 1970 302 2009 sibi
339 1969 578 2025 superbiam
618 1981 717 2009 tunc
758 1968 952 2009 sumsisse
995 1969 1246 2021 Origenem,
1296 1968 1486 2024 quamvis

67 2061 158 2089 ante
188 2048 476 2102 Nicephorum
506 2044 750 2101 scripserint
781 2044 1018 2086 Anastasius
1043 2048 1085 2102 3)
1115 2046 1487 2097 Bibliothecarius,

72 2138 112 2167 ct
140 2127 337 2174 Zonaras,
353 2125 394 2181 ⁴²)
428 2125 491 2164 vix
524 2123 720 2179 equidem
754 2124 896 2174 credo,
928 2123 1000 2180 qui
1030 2123 1333 2182 subjectissime
1364 2125 1414 2164 de
1440 2141 1484 2165 se

70 2221 115 2244 ac
147 2202 417 2244 demisissime
458 2201 501 2242 in
532 2201 648 2242 libris
680 2217 702 2241 a
732 2218 775 2242 se
805 2200 888 2242 hoc
918 2212 1112 2256 tempore
1150 2200 1317 2256 scriptis
1347 2213 1388 2241 et
1419 2201 1484 2241 lo-

190 2386 225 2440 Ι)
258 2385 363 2426 Cum
395 2384 602 2425 Eusebius
636 2384 825 2425 libdlum
859 2386 910 2424 de
942 2383 1143 2441 Π).·ιι“ῑ)ι·ἰο
1186 2383 1294 2424 inter
1324 2385 1480 2441 episto-

73 2443 129 2482 !as
158 2442 286 2496 paulo
317 2452 413 2496 post
447 2441 571 2481 Decii
603 2453 781 2494 suagem
821 2459 842 2482 a
880 2441 1090 2505 Dionjsio
1130 2441 1306 2495 scriptas
1336 2458 1479 2482 recen-

68 2510 168 2547 seat,
199 2497 421 2537 xoris-imile
452 2514 539 2538 non
571 2498 737 2539 videtm
759 2500 880 2546 lunc,
913 2498 1010 2537 dum
1045 2514 1086 2537 ln
1119 2498 1342 2539 tormentis
1374 2510 1481 2539 esset

72 2555 292 2606 Origenes,
341 2555 467 2594 fuisse
514 2571 534 2593 a
577 2555 783 2613 Dionjsio
826 2555 1100 2595 elaboratum.
1183 2554 1269 2595 Csr.
1319 2556 1474 2599 Euseb.

70 2611 174 2650 llist.
207 2611 350 2650 eccles.
383 2611 454 2652 lib.
486 2612 560 2652 VI.
592 2628 680 2667 cap.
713 2611 783 2654 46.
817 2613 864 2652 Β.

181 2681 224 2734 ²)
256 2680 341 2720 Csr.
371 2681 547 2736 Kiceph.
580 2681 651 2722 lib.
683 2683 734 2725 V.
771 2698 858 2737 cap.
890 2680 958 2725 32.

181 2750 222 2803 ³)
256 2750 342 2790 Csr.
373 2752 558 2792 Anastas.
590 2751 632 2792 iu
664 2752 757 2793 hist.
790 2753 842 2793 ad
872 2769 966 2793 ann.
1000 2751 1151 2795 Christ.
1182 2750 1277 2793 244.

182 2819 222 2874 ⁴)
255 2818 344 2863 Csr.
379 2820 529 2862 Zonar.
562 2822 652 2862 hist.
684 2821 756 2861 lib.
791 2822 844 2862 li.
