1759 3125
236 72 321 120 374
797 78 1034 122 Excunsos
1069 78 1100 119 Ι.

241 188 327 233 das
355 193 499 234 etiam
530 193 628 250 ejus
657 189 895 247 Spiritum,
927 192 1095 248 optime
1126 196 1175 232 tu
1207 188 1386 245 quidem
1415 194 1462 231 et
1490 186 1670 230 absolu-

245 269 417 310 tissime
456 266 512 311 de
551 269 652 312 Deo
698 266 819 312 dices
859 275 902 310 et
949 269 1128 309 Senties.
1198 268 1284 310 Sed
1324 267 1425 307 haec
1456 278 1673 322 postrema

245 347 399 396 verba,
439 363 546 402 quae
587 363 610 388 a
650 347 847 388 Ferrario
888 344 1183 402 praetermissa
1221 344 1438 401 supplevit
1478 344 1674 393 Huetius,

247 423 445 464 videntur
490 440 512 464 e
561 424 747 476 margine
786 424 828 465 in
869 434 1113 464 contextum
1153 422 1380 478 irrepsisse.
1451 422 1522 464 Sic
1565 421 1678 462 enirn

248 501 404 542 habent
436 501 622 543 Graeca:
662 502 779 557 EN)
825 504 1060 559 προσέθου
1106 503 1182 542 καὶ
1213 498 1259 543 τὸ
1292 502 1476 555 πνεῦμα
1507 498 1557 543 τὸ
1591 499 1677 542 αὑ-

249 581 355 634 τοῦ,
397 576 558 636 ι’ἱριστά
591 595 663 623 σοι,
695 576 754 622 ἂν
785 580 1071 633 ἕθεολογεΐτο
1105 581 1181 620 καὶ
1210 576 1467 621 τελεώτατα.
1526 577 1680 633 Liquet

250 655 353 697 haec
382 657 433 698 ab
467 657 651 710 Origene
683 657 838 712 scripta
879 671 966 696 non
1009 671 1122 706 esse,
1171 656 1245 695 sed
1296 656 1347 695 ab
1389 655 1472 696 alio
1524 667 1682 704 notata,

251 733 432 774 moleste
472 734 635 774 ferente
675 734 882 790 Spixitum
922 744 1112 773 sanctum
1143 732 1356 773 hocloco
1387 732 1682 788 praetermitti.

252 812 310 852 At
347 828 497 867 parum
539 827 671 868 aequa
709 812 810 853 haec
849 811 1028 852 notatio.
1087 812 1186 852 Non
1227 810 1339 851 enirn
1379 811 1519 851 solent
1551 810 1686 851 eccle-

253 887 407 928 siastici
437 888 682 944 scriptores,
714 905 810 929 cum
842 889 893 929 de
925 888 1042 929 Filio
1076 888 1307 939 disserunt,
1350 903 1396 928 ea
1427 903 1597 943 semper
1627 899 1687 928 at-

252 964 427 1017 tingere,
461 981 566 1022 quae
599 967 652 1007 ad
684 966 894 1022 Spiritum
926 978 1118 1008 sanctum
1151 966 1343 1006 attinent.
1397 964 1520 1006 Facit
1549 964 1592 1005 id
1625 966 1688 1005 in-

254 1042 423 1082 terdum
456 1042 683 1095 Origenes,
723 1055 767 1084 ut
801 1045 928 1086 Tom.
961 1044 1015 1086 ll.
1059 1043 1101 1084 in
1142 1045 1296 1086 Joann.
1337 1059 1453 1084 num.
1485 1041 1574 1092 23.‚
1612 1039 1688 1080 ubi

254 1120 390 1160 multa
430 1119 471 1160 in
504 1120 601 1161 Deo
648 1137 737 1161 esse
769 1132 976 1170 statuens,
1017 1137 1122 1176 quae
1155 1120 1272 1161 nulla
1302 1136 1367 1160 res
1399 1120 1450 1159 nb
1483 1118 1568 1158 alio
1601 1133 1689 1157 esse

255 1198 412 1238 habens
442 1198 578 1253 possit
609 1199 995 1254 comprehendere,
1037 1198 1250 1239 Christum
1284 1209 1324 1238 et
1356 1196 1565 1252 Spiritum
1598 1211 1690 1235 san-

256 1287 371 1315 ctum
401 1275 652 1316 nominatim
686 1276 854 1331 excipit.
923 1276 1074 1316 Multis
1115 1275 1209 1316 aliis
1249 1275 1291 1315 in
1333 1274 1441 1314 locis
1481 1272 1689 1328 Spiritum
1745 1309 1758 1320 ,

257 1369 351 1393 cum
384 1352 500 1393 Filio
531 1352 741 1410 adjungit:
784 1353 900 1408 quod
945 1364 1192 1404 argumento
1241 1362 1324 1401 est,
1366 1367 1463 1390 eum
1503 1366 1588 1390 non
1624 1366 1692 1389 ex-

258 1429 386 1479 cludi,
418 1430 451 1470 si
482 1431 651 1486 quando
683 1430 1057 1486 praetermittatur.
1118 1430 1163 1471 In
1199 1446 1249 1470 eo
1283 1441 1424 1469 autem
1454 1428 1576 1480 loco,
1620 1426 1692 1483 qui

257 1506 385 1547 alicui
423 1507 574 1548 lectori
614 1509 879 1548 stomachum
914 1508 1038 1558 fecit,
1080 1509 1275 1548 observat
1308 1506 1535 1559 Origenes,
1574 1516 1694 1560 post·

258 1601 382 1640 quam
415 1585 751 1626 demonstratum
785 1598 846 1627 est
867 1587 1037 1627 Patrem
1074 1588 1113 1627 in
1139 1585 1251 1626 Filio
1275 1582 1517 1637 glorificari,
1549 1581 1694 1638 quaeri

259 1678 382 1717 posse
414 1680 500 1703 non
539 1663 841 1713 incommode,
880 1661 1097 1719 quomodo
1139 1670 1183 1705 et
1222 1665 1269 1704 ill
1309 1661 1490 1717 Spiritu
1530 1665 1693 1701 sancto

256 1739 580 1795 glortficetur,
621 1749 667 1782 et
706 1743 754 1782 z'n
798 1739 1030 1797 omm'buS,
1071 1738 1229 1797 quibus
1266 1739 1489 1796 apparuit
1534 1736 1696 1793 gloria

260 1817 465 1867 Domini,
497 1826 583 1861 out
613 1820 878 1875 apparebit.
927 1816 1039 1860 Tum
1062 1818 1208 1859 statuit
1223 1817 1356 1858 totius
1378 1815 1537 1870 gloriae
1554 1815 1696 1870 splen-

262 1895 411 1936 dorem
443 1912 529 1937 esse
561 1888 743 1949 Filium';
782 1895 865 1939 sed
903 1904 1060 1938 tamen
1095 1897 1339 1952 pervenire
1376 1892 1696 1950 particulares

260 1970 523 2026 splendores
554 1977 613 2015 ab
646 1973 729 2016 hoc
758 1973 999 2031 splendore
1022 1976 1162 2016 totius
1177 1974 1361 2029 gloriae
1385 1970 1452 2014 ad
1469 1971 1694 2026 reliquam

264 2056 537 2090 creaturam
566 2054 767 2094 rationis
801 2054 1101 2108 pm'tz'ce‘pem:
1139 2053 1216 2094 ἐπὶ
1255 2050 1337 2105 τὴν
1366 2046 1534 2101 λοιπὴν
1564 2051 1696 2104 loye-

263 2124 349 2178 κὴν
392 2131 550 2168 κτίσιν.
623 2128 861 2171 Neminem
912 2132 1034 2171 enim
1077 2129 1314 2184 percipere
1349 2139 1481 2183 posse
1520 2137 1697 2166 onmem

262 2201 551 2258 splendorem
603 2208 744 2247 totius
785 2207 971 2262 gloriae
1013 2206 1108 2248 Dec·
1143 2212 1341 2261 praeter
1379 2204 1551 2247 Ft'lc'nm
1592 2202 1695 2244 Dei.

263 2279 382 2321 Nihil
415 2297 513 2333 ergo
545 2281 614 2322 hic
645 2283 791 2323 statuit
821 2283 874 2323 de
906 2283 1069 2338 Spiritu
1101 2293 1244 2322 sancto
1279 2282 1508 2334 Origenes,
1540 2281 1613 2321 sed
1646 2296 1695 2320 ex

263 2357 326 2407 iis,
359 2374 466 2413 quae
498 2359 550 2399 de
581 2359 696 2400 Filio
730 2361 903 2410 dixerat,
935 2361 986 2399 de
1009 2359 1173 2415 Spiritu
1204 2371 1347 2400 sancto
1377 2358 1696 2416 dijudicandum

263 2434 483 2490 relinquit,
514 2452 561 2476 ac
594 2437 645 2478 de
677 2439 802 2479 rebus
833 2448 996 2478 tantum
1030 2436 1178 2477 creatis
1209 2437 1424 2492 loquitur,
1457 2451 1557 2491 quas
1589 2434 1698 2474 inter

265 2527 351 2552 non
383 2513 515 2552 modo
555 2529 642 2554 non
682 2517 929 2556 numerabat
969 2514 1185 2569 Spiritum'
1209 2526 1422 2563 sanctum,
1464 2512 1536 2552 scd
1570 2511 1697 2551 etiam

267 2588 451 2629 declarat
482 2590 554 2629 lib.
587 2592 619 2631 I.
655 2593 706 2633 de
738 2592 923 2648 Princip.
958 2608 1045 2647 cap.
1068 2591 1120 2639 3.,
1152 2592 1317 2631 nullum
1349 2607 1520 2646 prorsus
1554 2589 1696 2628 lot-um

267 2665 308 2706 in
341 2666 570 2722 scripturis
611 2685 858 2719 occurrere,
898 2670 939 2709 in
983 2685 1065 2724 quo
1108 2668 1222 2709 idem
1264 2670 1316 2709 de
1358 2667 1519 2723 Spiritu
1552 2677 1698 2707 sancto
1758 2671 1759 2709 ἶ

386 2829 426 2885 ¹)
461 2830 548 2872 Cfr.
582 2832 631 2872 ed
679 2845 810 2874 nostr.
844 2833 970 2875 Tom.
1009 2833 1061 2873 II.
1095 2847 1187 2885 pag.
1219 2830 1316 2874 470.
1348 2841 1425 2871 not
1469 2830 1507 2872 (5.
