1759 3125
496 65 887 108 Otussssmauoaom
925 65 1068 108 Lmen
1099 64 1152 105 ΙΙ.
1441 64 1521 111 251

108 181 211 230 suit,
251 191 296 219 ut
335 178 522 219 dicemus
560 175 680 218 infra.
738 177 829 216 Nec
869 174 1081 216 Christum
1120 175 1341 226 duntaxat,
1379 177 1451 217 sed
1483 188 1524 218 et

109 257 348 313 prophetas,
379 265 420 295 et
449 253 683 309 apostolos,
713 252 1048 309 quotiescunque
1068 253 1121 293 ad
1142 252 1334 294 homines
1366 253 1524 294 oratio-

108 350 206 375 nem
236 333 288 373 de
318 331 470 373 divinis
499 332 624 372 rebus
653 331 912 384 habuerunt,
951 332 1002 372 ad
1042 330 1212 383 angelos
1250 347 1422 387 quoque
1451 331 1525 372 ha-

107 411 245 452 buisse
277 410 424 451 eadem
457 408 648 450 Humilia
688 408 926 450 declaravit.
997 408 1062 450 Ita
1099 420 1241 450 autem
1284 419 1325 449 et
1354 407 1522 461 angelis,

108 499 149 529 et
178 487 480 542 subterraneis,
521 498 563 527 et
602 486 846 528 hominibus
887 485 1099 528 Christum
1131 485 1372 543 apparuisse
1401 497 1524 542 puta-

105 563 180 615 vit,
212 577 260 606 ut
289 563 437 606 unicae
470 580 566 605 suae
605 564 754 605 mortis
793 563 837 604 in
873 579 1054 620 corpore
1092 564 1278 605 humano
1317 564 1523 605 toleratae

105 642 361 684 beneficium
390 642 440 684 iis
473 642 727 699 applicaret,
756 657 844 683 non
874 652 921 682 ut
949 640 1141 683 assumtis
1169 641 1343 684 illorum
1373 641 1522 682 formis

105 737 233 762 novas
264 731 423 762 mortes
453 719 687 761 sustineret.
758 719 890 774 Quod
921 731 1061 761 autem
1091 719 1246 761 alicubi
1276 718 1437 770 sentire
1465 719 1523 760 vi-

106 799 250 848 detur,
292 797 506 840 Christum
546 813 632 839 non
669 813 748 853 pro
787 798 912 838 rebus
950 798 1082 839 modo
1119 797 1282 839 ratione
1320 797 1523 854 praeditis

106 875 258 916 obiisse
288 887 484 925 mortem,
515 876 589 916 sed
618 891 697 930 pro
732 875 878 916 creatis
920 875 1046 917 etiam
1086 876 1430 933 quibuscunque,
1460 876 1523 916 fa-

107 953 186 994 cile
217 952 540 1009 explicabimus,
580 952 614 994 si
643 952 959 995 meminerimus
1000 952 1200 1019 refragari
1228 953 1273 994 id
1304 952 1522 994 doctrinae

104 1029 232 1087 ipsius
263 1031 478 1072 contextui
510 1043 551 1072 et
581 1031 803 1087 sequelae;
838 1047 937 1072 nam
975 1031 1150 1073 rationis
1182 1029 1348 1087 capacia
1379 1031 1522 1073 omnia

103 1120 360 1165 perpetuum
389 1109 543 1151 habere
574 1108 777 1151 libertatis
817 1125 939 1150 usum
970 1108 1169 1165 opinatus
1201 1120 1286 1161 est3
1326 1125 1432 1165 quae
1472 1108 1523 1149 li-

102 1188 204 1228 bera
233 1198 395 1238 autem,
440 1203 487 1228 ea
517 1186 700 1243 peccatis
741 1186 947 1240 obnoxia;
994 1203 1099 1243 quae
1137 1187 1301 1243 peccati
1340 1203 1434 1237 rea,
1477 1203 1524 1228 ea

104 1264 353 1320 purgatione
386 1280 528 1317 egere3
558 1265 853 1321 purgationem
884 1281 985 1306 vero
1019 1265 1210 1307 conferre
1241 1265 1378 1308 solam
1403 1265 1523 1306 Clu-i-

104 1342 156 1383 sti
185 1354 368 1383 mortem
408 1342 607 1397 potuisse.
681 1346 736 1384 At
777 1360 843 1384 res
881 1342 1056 1384 rationis
1098 1354 1288 1399 expertes
1327 1342 1522 1384 libertate

106 1435 259 1469 carere,
293 1436 340 1460 ac
370 1419 552 1475 proinde
581 1436 669 1460 non
699 1436 876 1476 peccare
911 1420 1083 1470 censuit,
1114 1437 1192 1461 nec
1216 1420 1404 1473 indigere
1423 1438 1524 1476 pur-

102 1497 291 1549 gatione,
331 1508 640 1553 proptereaque
678 1497 826 1538 mortis
867 1497 1022 1539 Christi
1058 1499 1246 1539 fructum
1277 1497 1523 1555 neutiquam

103 1575 337 1631 percipere.
395 1576 479 1616 Per
507 1581 655 1618 κτίσιν
695 1575 841 1628 igitur,
879 1575 1043 1616 ratione
1082 1575 1272 1631 praedita
1309 1576 1394 1617 Dei
1428 1578 1521 1632 opi-

103 1652 199 1693 ficia
228 1652 478 1705 significasse
516 1653 655 1710 ipsum
695 1653 918 1695 dicendum
960 1663 1044 1703 est,
1087 1652 1229 1708 posito
1260 1670 1411 1708 genere
1443 1671 1522 1711 pro
1563 1698 1568 1705 ¹

103 1729 256 1785 specie.

215 1808 350 1850 XXV.
408 1809 532 1849 Patet
560 1808 704 1865 itaque
736 1826 783 1850 ex
805 1809 947 1866 priore
973 1808 1056 1849 hoc
1072 1809 1288 1861 figmento,
1321 1826 1404 1866 quo
1428 1827 1524 1866 per-

101 1897 277 1941 petuum
317 1886 521 1927 libertatis
560 1904 681 1928 usum
720 1889 844 1929 rebus
886 1888 1080 1929 omnibus
1120 1886 1282 1928 ratione
1321 1888 1521 1943 praeditis

101 1963 345 2019 adscripsit,
386 1980 436 2004 eo
474 1964 601 2005 fuisse
633 1966 881 2020 perpulsum
915 1966 1166 2019 Origenem,
1198 1976 1246 2005 ut
1275 1966 1524 2007 reconcilia-

101 2041 216 2083 tione
250 2059 355 2098 opus
386 2042 469 2083 illis
501 2058 588 2083 esse
618 2055 808 2098 putaret3
848 2044 930 2084 hoc
961 2055 1103 2084 autem
1133 2043 1235 2099 ipsis
1263 2045 1519 2086 beneficium

101 2132 282 2161 mortem
334 2119 490 2161 Christi
539 2120 780 2163 contulisse.
857 2120 1023 2162 Eodem
1069 2121 1210 2178 ipsum
1257 2123 1521 2165 adduxerunt

103 2199 186 2239 duo
218 2198 341 2239 Pauli
372 2198 478 2240 loci:
510 2199 616 2239 alter
647 2215 693 2239 ex
718 2199 839 2255 epist.
869 2201 922 2240 ad
943 2200 1098 2256 EpheS.
1129 2216 1218 2256 cap.
1243 2201 1280 2243 1.
1310 2218 1418 2244 vers,
1438 2202 1518 2254 10„

103 2276 207 2317 alter
238 2293 284 2316 ex
316 2275 483 2332 epistol.
515 2277 569 2317 ad
602 2277 770 2320 Coloss.
804 2293 893 2333 cap.
928 2277 967 2321 1.
1001 2294 1091 2318 vers
1122 2277 1204 2327 20„
1237 2295 1364 2334 quem
1393 2296 1518 2337 saepe

102 2353 223 2394 nobis
255 2353 428 2406 oggerit.
487 2354 612 2394 Hunc
648 2354 807 2396 rectius
837 2355 975 2396 multo
1007 2371 1054 2396 ac
1083 2355 1238 2396 melius
1268 2355 1519 2413 interpreta-

104 2443 173 2472 tur
202 2431 365 2472 Homil.
396 2432 435 2474 4.
467 2431 509 2472 in
541 2432 675 2473 Lex-it.
705 2449 821 2474 num.
854 2434 892 2476 4.
950 2432 1044 2476 Sed
1070 2441 1115 2475 et
1144 2440 1424 2487 sanctorum,
1446 2436 1519 2477 *in-

106 2509 208 2565 quit,
235 2512 375 2551 socios
404 2522 484 2551 uos
513 2507 625 2551 dc‘cc't
656 2511 921 2567 Apostolus,
964 2523 1046 2552 nec
1076 2512 1259 2553 mirum.
1316 2511 1370 2556 Sc'
1397 2516 1518 2556 em'm

106 2598 206 2627 cum
235 2586 382 2628 Patre
422 2593 468 2629 et
497 2586 616 2630 Fc'lz'o
646 2585 818 2631 dicitur
853 2587 982 2632 nobis
1018 2601 1111 2631 esse
1148 2591 1362 2646 societas,
1403 2605 1516 2648 quo-

106 2660 234 2704 modo
266 2676 355 2704 non
385 2669 430 2706 et
460 2677 561 2707 cum
588 2669 762 2709 sanclis
790 2679 881 2709 uon
911 2667 1052 2710 solum
1073 2670 1210 2725 quiin
1237 2675 1370 2712 terra
1398 2677 1516 2720 sunt,

106 2737 186 2781 sed
211 2744 256 2781 et
287 2741 362 2794 quc·
389 2741 435 2781 z'n
466 2742 627 2786 coelis?
673 2746 779 2800 qula
816 2753 861 2788 et
902 2745 1111 2790 Christus
1140 2747 1285 2805 per¹)
1326 2748 1514 2804 sangui-

225 2857 264 2916 ¹)
293 2824 382 2901 ἐῢ.
418 2858 579 2904 Coloss.
612 2861 644 2912 I,
675 2861 743 2907 20.
