1759 3125
280 90 365 135 274
703 87 843 128 PETM
882 87 1096 130 DANJEus
1128 89 1292 132 llus-1⁴11

285 204 443 247 XXIV.
475 202 628 243 Utrum
659 198 881 241 hominum
924 200 1143 245 sanctitate
1177 200 1423 242 florentium
1454 200 1609 241 animas
1640 215 1710 241 an-

287 283 404 336 gelos
436 296 523 321 esse
552 277 741 320 senserit.
812 278 951 318 XXV.
991 279 1307 319 Nonnullorum
1348 278 1710 318 criminationibus

289 356 504 414 opinionis
535 354 656 410 liujus
697 371 836 395 caussa
879 354 958 394 suit
1001 355 1220 396 obnoxius.
1281 356 1437 396 XXVI.
1474 355 1711 395 ventilatur

288 435 376 492 ejus
407 431 612 474 sententia
644 432 696 471 de
727 431 974 472 tutelaribus
1006 431 1184 483 angelis:
1214 449 1260 472 ac
1290 433 1476 488 primum
1494 433 1711 481 Gentium,

288 512 471 554 XXVII.
524 509 835 559 Ecclesiarum,
904 509 1105 550 XXVIII.
1158 509 1378 550 hominum
1434 510 1712 563 singulorum,

289 590 450 632 XXIX.
490 599 532 628 et
571 604 712 627 rerum
750 586 889 626 anima
932 586 1177 628 carentium.
1245 588 1383 629 XXX.
1425 588 1578 628 Utrum
1619 587 1712 627 uui-

290 668 442 724 cuique
473 664 603 706 Genti
636 676 676 704 et
707 661 872 703 homini
902 662 1072 713 angelos
1105 664 1225 713 duos,
1256 665 1416 705 bonum
1447 681 1592 718 unum,
1626 681 1712 704 ma-

289 747 379 786 lum
408 745 590 785 alterum
620 741 745 782 simul
777 739 966 780 assistere
996 741 1219 795 putaverit.
1277 743 1436 783 XXXI.
1469 742 1585 782 Fons
1617 741 1714 783 Ori—

288 823 504 877 genianam
544 820 597 859 de
636 817 790 870 angelis
839 817 1088 858 tutelaribus
1127 819 1427 860 sententiarum
1467 819 1715 860 ostenditur.

288 900 474 942 XXXII.
505 895 847 951 Adstipulatores
870 895 1015 935 Patres
1046 908 1331 937 recensentur.
1391 897 1597 938 XXXIII.
1629 895 1714 936 Eae

292 991 333 1020 et
350 994 397 1018 ex
416 974 612 1028 Origenis
636 973 909 1013 fluctuatione
929 971 1115 1013 excusari
1134 985 1324 1028 possunt.
1370 974 1570 1015 XXXIV.
1597 973 1714 1027 Quid

291 1059 343 1098 de
375 1054 531 1107 angelis
565 1055 896 1107 ψυχοπομποΐς
928 1049 1122 1105 opinatus
1153 1050 1227 1100 sit,
1260 1051 1491 1104 indagatur.
1535 1051 1714 1092 XXXV.

293 1131 544 1189 Quaeritur,
590 1129 694 1185 quid
738 1127 912 1168 senserit
955 1128 1006 1168 de
1049 1127 1205 1179 angelis
1244 1129 1634 1170 remunerationum
1675 1141 1716 1168 et

289 1225 524 1268 poenarum
555 1205 825 1247 administris.
885 1206 1082 1246 XXXVI.
1114 1205 1269 1246 Utrum
1287 1207 1456 1258 angelos
1473 1207 1717 1262 neutiquam

290 1287 552 1330 invocandos
584 1300 670 1325 esse
701 1282 925 1339 putaverit.
986 1283 1213 1324 XXXVII.
1245 1283 1398 1324 Utrum
1432 1295 1471 1323 et
1496 1284 1716 1339 quomodo
1742 1284 1754 1296 ⁸

293 1363 558 1407 Cherubinos
606 1360 711 1401 Filii
763 1359 1038 1411 cogitationes
1093 1376 1179 1400 esse
1227 1360 1390 1402 dixerit.
1469 1361 1714 1402 XXXVIII.
1756 1382 1759 1418 j

291 1443 446 1483 Utrum
478 1440 706 1480 daemones
745 1435 896 1477 nidore
938 1448 979 1476 et
1020 1437 1218 1489 sanguine
1258 1438 1373 1493 pasci
1404 1437 1714 1480 existimaverit.

406 1556 436 1596 I.
499 1552 795 1606 Origenianam
829 1552 881 1592 de
911 1551 1068 1605 angelis
1094 1552 1346 1602 doctrinam,
1377 1552 1715 1593 iterinstitutum

292 1643 617 1690 prosequentes,
666 1628 937 1685 explicemus
998 1631 1061 1670 Ac
1100 1630 1348 1682 angelorum
1387 1630 1581 1680 nomine,
1626 1642 1716 1671 tum

291 1710 429 1752 bonos
476 1707 668 1760 angeIOS,
713 1719 804 1747 tum
853 1707 1010 1757 malm,
1058 1706 1130 1763 qui
1173 1709 1399 1748 daemones
1435 1708 1718 1763 appellantur,

294 1785 710 1844 comprehendimus,
741 1783 944 1840 quoniam
974 1785 1177 1840 permista
1206 1797 1358 1841 sponte
1391 1801 1464 1826 sua
1496 1797 1536 1826 et
1567 1785 1717 1826 collae-

293 1882 388 1907 rens
419 1876 481 1905 est
509 1846 790 1918 utrorumque
829 1861 995 1902 notitia.
1064 1862 1230 1902 Horum
1268 1873 1460 1903 naturam
1499 1863 1583 1904 suis
1612 1875 1743 1904 tem—1

294 1943 470 1998 poribus
499 1941 690 1982 nondum
720 1939 819 1980 satis
858 1950 1002 1994 aperte
1033 1939 1160 1981 fuisse
1194 1939 1423 1994 cognitam,
1463 1927 1541 1980 nec
1582 1940 1717 1980 eccle-

293 2019 379 2062 siae
411 2017 731 2061 definitionibus
763 2016 1039 2071 explanatam,
1069 2015 1218 2056 scribit
1247 2016 1451 2068 Origenes
1480 2016 1524 2056 in
1555 2017 1719 2057 Prooe-

293 2097 382 2138 mio
413 2096 621 2136 librorum
651 2097 755 2150 περὶ
786 2093 942 2149 ἀρχῶν
972 2110 1086 2134 num.
1120 2092 1185 2136 10.
1239 2093 1322 2134 Est
1351 2095 1492 2134 etiam
1525 2092 1644 2135 [llud
1668 2094 1738 2135 in*

293 2174 605 2217 ecclesiastica
629 2168 997 2226 praedicatione,
1027 2182 1120 2211 esse
1146 2166 1343 2225 'angelos
1368 2168 1464 2210 Del
1488 2168 1719 2225 quosdam,
1742 2169 1745 2173 ⁴

295 2260 343 2295 et
371 2254 566 2295 virtutes
607 2246 775 2297 bonas,
826 2248 997 2302 qnae')
1035 2248 1081 2288 ei
1116 2248 1381 2288 ministrent
1422 2245 1487 2288 ml
1518 2248 1743 2303 salutem..

295 2329 527 2370 hominum
543 2322 952 2368 consummandam
961 2341 975 2373 ,·
994 2321 1077 2364 sed
1088 2321 1268 2378 quando
1289 2325 1370 2364 z'stc'
1386 2327 1655 2376 creatc'se‘nt,
1672 2327 1714 2382 2)
1740 2364 1743 2366 .

294 2407 369 2451 vel
394 2405 562 2463 quales,
589 2409 673 2446 aut
704 2398 919 2458 quomodo
949 2402 1055 2451 sint,
1090 2413 1180 2440 non
1210 2402 1326 2442 satis
1356 2400 1606 2455 manlfesto
1638 2400 1712 2443 de-
1741 2399 1745 2405 ’

292 2482 584 2540 ειζὲνηαΐιιν3).
642 2480 699 2521 Et
727 2478 857 2535 paulo
889 2477 1079 2533 superius
1108 2494 1224 2519 num.
1256 2476 1294 2520 6.
1337 2478 1409 2520 De
1440 2476 1636 2535 dc'abol'O,
1668 2486 1715 2520 et

414 2637 454 2692 ¹)
485 2636 564 2676 Ed.
596 2634 752 2676 Ruaei:
785 2636 864 2690 qm·
889 2634 934 2675 εἰ
963 2635 1251 2676 nn'm‘strant.

403 2706 449 2760 2)
480 2705 590 2746 Edd.
621 2703 788 2746 Huetii:
826 2712 959 2755 suut,
1006 2710 1088 2745 aut
1127 2698 1345 2759 quomodo
1383 2705 1498 2758 siut,
1547 2700 1709 2744 omissis

292 2765 449 2808 verbis:
478 2762 551 2804 vel
578 2762 708 2804 tales.

401 2836 445 2890 ³)
475 2833 586 2875 Edd.
618 2830 788 2873 Huetii:
823 2827 1146 2887 distinguitur.
