1759 3125
496 109 887 151 Omessfflauonum
917 110 1058 150 Lmen
1077 111 1130 151 11.
1442 110 1522 152 107

103 237 225 277 saepe
257 237 425 276 quoque
455 220 611 273 utitur3
647 236 734 261 non
772 221 868 276 plus
897 232 1036 262 tamen
1069 220 1118 260 iis
1150 220 1249 261 fidei
1280 221 1347 261 vel
1377 233 1523 262 aucto-

103 297 236 338 ritatis
265 297 473 346 tribuens,
524 313 649 352 quam
690 308 893 353 quantum
933 313 980 337 ex
1014 297 1095 336 hoc
1128 297 1329 353 Apostoli
1357 298 1522 338 monito

105 374 290 415 tribuere
344 374 463 414 licet:
522 373 692 416 Omnia
721 374 760 430 ¹)
806 370 1027 429 probate,
1078 371 1198 429 qnod
1241 375 1408 415 bonum
1455 382 1523 417 est

108 457 270 493 tenele-

218 528 288 568 IV.
348 527 450 568 Fuit
480 543 578 581 ergo
610 527 837 584 praecipua
865 526 1061 577 Origcnis
1091 526 1132 567 in
1163 527 1392 583 Scripturis
1423 544 1526 569 eno-

107 604 252 646 dandis
285 604 526 653 contentio,
573 603 691 659 cujus
730 603 974 659 disciplinae
1016 621 1134 645 causa
1174 604 1360 645 excoluit
1399 605 1525 646 etiam

107 679 184 729 τὰς
215 683 397 734 ἔξωθεν,
428 682 500 721 sed
532 680 853 735 Philosophiam
881 678 1162 734 potissimum.
1210 680 1352 721 Unum
1384 693 1525 723 autem

105 775 206 814 prae
245 758 418 814 reliquis
455 759 678 799 Platonem
718 756 943 797 admiratus
983 767 1065 797 est:
1106 757 1165 797 sic
1209 768 1254 797 ut
1295 758 1526 799 Christiana

107 836 302 888 dogmata
332 836 384 876 ad
416 835 658 875 Platonicae
691 833 910 874 doctrinae
940 832 1073 885 leges,
1104 850 1190 874 non
1222 834 1352 890 ipsam
1382 835 1527 876 Plato-

107 912 171 952 nis
203 912 438 952 doctrinam
467 912 519 951 acl
553 910 708 952 Christi
739 911 863 950 effata
902 912 1259 954 accommodaret.
1315 912 1525 967 Exemplo

107 1006 183 1030 suo
217 988 445 1041 origenem
480 1005 530 1028 eo
565 987 775 1043 compulit
806 987 931 1027 Philo
966 988 1174 1039 Judaeus,
1206 999 1319 1028 totus
1349 990 1400 1029 ad
1432 989 1528 1029 Pla-

108 1065 219 1106 tonis
251 1066 492 1121 exemplum
525 1065 797 1121 compositus,
829 1080 913 1104 non
944 1064 1114 1104 Platoni
1145 1064 1268 1105 nimis
1299 1065 1526 1106 tribuendo

111 1144 329 1193 duntaxat,
377 1144 451 1183 sed
494 1143 755 1198 Scripturam
789 1143 914 1182 etiarn
952 1141 1165 1194 allegoriis
1205 1143 1419 1197 perpetuis
1460 1160 1528 1183 ex-

108 1221 334 1275 planandO.
406 1219 626 1274 Compulit
668 1232 708 1261 ct
747 1231 999 1276 praeceptor
1038 1219 1151 1258 illius
1194 1218 1388 1260 Clemens
1427 1220 1527 1259 Ale—

108 1297 356 1346 xandrinus,
395 1297 647 1337 Academiae
678 1297 900 1352 pigmentis
940 1314 1004 1337 res
1037 1295 1289 1338 Christianas
1321 1295 1527 1336 illustrare

112 1385 274 1425 suetus;
316 1374 432 1429 quod
464 1385 505 1413 et
543 1374 721 1414 maxima
760 1391 854 1429 pars
893 1375 993 1415 secit
1033 1372 1311 1414 vetustiorum
1341 1372 1528 1422 Patrum,

108 1451 182 1492 sed
211 1450 376 1506 parcius
408 1462 449 1490 et
480 1451 768 1491 verecundius.
830 1451 906 1491 His
935 1451 1075 1506 itaque
1108 1450 1426 1492 Platonicorum
1458 1450 1529 1490 de-

111 1529 215 1569 liriis
244 1528 453 1569 sincerum
486 1527 701 1568 doctrinae
736 1528 997 1568 Christianae
1038 1543 1107 1567 vas
1137 1538 1361 1582 postquam
1393 1528 1529 1567 incru-

109 1606 231 1646 stavit
262 1604 556 1653 Adamantius,
607 1621 652 1644 cx
692 1604 770 1644 illo
812 1605 1005 1644 doctrina
1035 1603 1123 1660 ejus
1156 1615 1352 1658 corrupta
1384 1616 1457 1653 est,
1490 1616 1529 1644 et

114 1681 301 1737 profanis
332 1682 493 1722 imbuta
523 1681 746 1729 erroribus,
776 1683 889 1721 unde
920 1680 1094 1721 infinitis
1118 1679 1290 1736 jactatus
1322 1680 1530 1731 convitiis,

115 1770 155 1799 et
187 1758 383 1814 querelis,
414 1759 455 1799 in
486 1775 667 1800 summas
696 1758 846 1800 incidit
877 1758 1144 1807 calamitates,
1176 1768 1218 1796 et
1247 1756 1415 1797 laudem
1443 1773 1531 1797 me-

112 1834 201 1876 ritis
240 1847 401 1890 partam
442 1835 620 1877 decoxit.
692 1838 777 1878 Sed
814 1853 893 1876 nec
938 1834 1189 1876 Academiae
1228 1834 1381 1875 finibus
1418 1834 1533 1887 inge—

113 1911 228 1951 nium
259 1929 382 1952 suum
415 1913 624 1965 coercuit3
663 1914 875 1954 universas
907 1912 978 1953 ille
1008 1911 1371 1966 Philosophorum
1402 1922 1532 1951 sectas

114 1989 252 2029 animo
284 2001 529 2044 pervagatus
562 2001 633 2031 est.
683 1990 1059 2048 Pythagoricorum
1091 1987 1256 2043 scriptis
1277 1988 1533 2028 delectatum

116 2066 255 2116 fuisse,
288 2078 328 2107 et
360 2066 605 2108 Stoicorum
646 2084 815 2123 quoque
855 2065 1093 2108 adhibuisse
1132 2065 1285 2113 libros,
1327 2064 1442 2105 testis
1473 2077 1535 2106 est

118 2143 377 2201 Porphyrius
452 2144 563 2184 Hinc
593 2145 698 2185 adeo
743 2161 828 2185 non
868 2143 941 2184 uni
981 2141 1107 2183 alicui
1137 2140 1354 2182 addictum
1383 2153 1534 2192 sectae,

117 2222 187 2261 sed
221 2221 409 2261 omnium
443 2221 677 2262 studiosum
722 2221 870 2271 fuisse,
902 2237 949 2260 ex
979 2220 1112 2274 iisque
1144 2217 1351 2274 quidquid
1388 2219 1535 2259 utilius

123 2310 228 2339 esset
270 2310 312 2339 et
342 2314 441 2338 vero
472 2298 650 2339 similius
682 2298 961 2354 decerpsisse,
991 2297 1190 2352 idemque
1223 2294 1462 2351 discipulis,
1491 2307 1538 2336 ut

119 2376 326 2425 facerent,
381 2387 499 2415 caute
553 2375 814 2431 praecepisse
865 2373 1153 2428 Gxegorius2)
1203 2372 1538 2424 Thaumaturgus

121 2452 322 2508 scriptum
354 2451 554 2508 reliquit;
587 2464 633 2492 ut
662 2469 747 2493 non
779 2464 862 2493 tam
896 2450 1164 2500 Platonicus,
1196 2449 1262 2490 vel
1292 2447 1540 2507 Pythagori-

245 2710 284 2763 Ι)
316 2711 334 2750 1
365 2711 511 2753 Thess.
542 2713 592 2761 v,
623 2711 692 2754 21.

243 2778 287 2832 ²)
321 2779 405 2820 Cfr.
438 2780 613 2833 Gregor.
646 2781 866 2824 Thaumat.
899 2781 940 2821 in
961 2780 1162 2834 Panegyr.
1196 2775 1366 2817 num.7.
1401 2786 1441 2814 et
1475 2772 1534 2817 13·Δ

128 2850 216 2889 pag.
250 2834 318 2876 67.
350 2847 391 2876 et
421 2836 487 2878 74.
