1759 3125
485 124 875 165 ORIGENJANORUM
914 124 1055 164 Lim-:R
1089 123 1120 162 Ι.
1456 121 1510 165 29

404 388 675 430 CAPUT
739 386 1204 431 SECUNDUM.

100 521 132 562 Ι.
175 520 321 563 Severi
354 521 622 576 Imperatoris
655 521 804 562 obitus.
853 520 1055 572 Origenes
1080 521 1261 560 Romam
1278 519 1512 575 proficisci-

95 609 176 643 tur.
237 599 291 640 ΙῘ.
323 598 618 638 Alexandriam
649 598 769 639 redit.
831 599 907 638 III.
941 597 1190 638 Hebraicam
1210 597 1393 649 linguam
1413 614 1511 637 con-

95 674 231 716 discit.
279 676 352 716 IV.
386 675 658 716 Ambrosium
679 675 729 714 ad
750 674 901 716 Christi
924 675 1053 714 fidem
1077 674 1296 715 convertit.
1344 675 1395 715 V.
1431 676 1511 715 Ac-

96 752 272 792 cersitur
301 751 344 792 in
375 752 584 801 Arabiam,
615 751 726 792 redit
759 752 1067 793 Alexandriam.
1127 753 1198 794 VI.
1231 751 1509 791 Palaestinam

95 828 217 884 petit,
240 829 532 869 Alexandriam
554 829 674 869 redit.
716 829 810 869 VII.
842 831 875 869 A
907 829 1142 870 Mammaea
1166 828 1391 868 accersitur
1428 831 1510 869 An-

94 905 309 954 tiochiam,
331 905 625 945 Alexandriam
642 904 879 946 revertitur.
930 906 1046 948 VIII.
1069 905 1329 961 Scripturam
1349 922 1507 946 sacram

95 982 419 1024 Commentariis
450 982 660 1022 illustrare
693 981 941 1033 aggreditur.
1002 983 1075 1024 IX.
1111 981 1446 1024 Commentarios
1467 982 1509 1022 in

91 1060 312 1110 Joannem,
344 1071 385 1100 et
404 1059 446 1099 in
468 1058 573 1099 alios
596 1058 836 1113 Scripturae
856 1058 986 1099 libros
1007 1058 1188 1101 inchoat.
1228 1060 1282 1101 X.
1307 1061 1355 1100 In
1376 1059 1511 1101 Acha-

93 1136 174 1177 iam
206 1154 282 1192 per
312 1135 587 1177 Palaestinam
618 1136 912 1191 proficiscitur.
978 1136 1055 1176 XI.
1089 1136 1262 1177 Athenis
1294 1137 1511 1177 discedens

95 1215 264 1270 Epheso
310 1214 391 1254 iter
427 1214 564 1255 habet.
626 1214 723 1254 XII.
758 1213 982 1254 Caesareae
1023 1213 1249 1271 Presbyter
1287 1213 1370 1270 jam
1415 1226 1508 1255 ante

95 1293 230 1333 fuerat
270 1291 498 1332 ordinatus.
567 1290 819 1332 Alexandria
866 1290 1054 1347 pellitur.
1122 1291 1244 1333 XIII.
1279 1292 1409 1340 Cum,
1456 1307 1510 1332 ne

95 1369 315 1409 vitiaretur
349 1369 399 1408 ab
432 1366 672 1422 Aethiope,
714 1367 840 1408 idolis
880 1367 1163 1418 sacrificasset,
1221 1369 1332 1410 XIV.
1366 1369 1513 1410 Caesa-

95 1462 208 1487 ream
254 1445 510 1486 Palaestinae
559 1445 765 1489 concedit.
841 1446 933 1485 XV.
982 1446 1265 1487 Confutantur
1302 1445 1511 1494 nonnulli,

96 1522 165 1579 qui
190 1523 417 1575 Origenem
448 1523 498 1562 ab
519 1523 696 1562 Heracla
721 1522 969 1562 Alexandria
1002 1522 1224 1576 depulsum
1255 1521 1381 1562 fuisse
1411 1521 1514 1562 scri-

95 1611 280 1654 pserunt.
337 1600 451 1640 XVI.
493 1598 786 1639 Ecclesiastica
825 1598 966 1638 munia
998 1598 1113 1649 ohit;
1159 1614 1181 1637 a
1221 1599 1363 1638 multis
1393 1600 1511 1639 fove-

98 1688 166 1716 tur
184 1676 380 1716 ecclesiis.
424 1675 561 1717 XVII.
593 1675 869 1715 Palaestinam
894 1676 1132 1731 perlustrat.
1180 1676 1338 1717 XVIII.
1357 1675 1509 1716 Utrum

99 1752 246 1805 viginti
286 1764 326 1793 et
368 1764 464 1792 octo
505 1768 634 1792 annos
666 1752 767 1809 Tyri
798 1752 1052 1804 transegerit.
1110 1753 1228 1793 XIX.
1261 1752 1512 1804 Gregorium

99 1829 458 1882 Thaumaturgum
491 1841 531 1869 et
562 1829 883 1870 Athenodorum
915 1831 1084 1879 fratres,
1123 1829 1314 1884 aliosque
1344 1828 1387 1869 in
1419 1829 1513 1869 lite-

98 1905 154 1947 ris
185 1906 309 1947 sacris
340 1917 382 1946 et
411 1905 597 1960 profanis
629 1905 826 1948 instituit:
858 1906 1005 1948 Isaiam
1036 1918 1077 1947 et
1098 1905 1364 1947 Ezechielem
1385 1905 1513 1947 Com—

584 1983 797 2023 mentariis
829 1984 1013 2039 exponit.

214 2097 246 2137 I.
279 2096 482 2137 Severum
501 2096 539 2151 ¹)
570 2095 752 2147 interim,
784 2113 878 2137 cum
909 2095 990 2153 jam
1024 2095 1248 2152 aliquoties
1279 2094 1515 2136 interficere

102 2174 273 2214 adortus
306 2184 411 2213 esset
443 2173 653 2214 Caracalla
684 2174 817 2224 filius,
855 2191 969 2215 mors
1001 2191 1048 2215 ex
1080 2173 1338 2226 aegritudine
1372 2189 1516 2213 conse-

104 2262 198 2291 cuta
228 2262 300 2300 est,
334 2251 502 2305 expleto
533 2250 702 2306 imperii
734 2251 899 2292 decimo
934 2264 1084 2292 octavo
1115 2267 1245 2301 anno,
1276 2250 1420 2291 aetatis
1454 2250 1516 2289 vi-

103 2326 304 2379 gesimum
336 2338 496 2366 sextum
526 2340 671 2379 agente
703 2328 898 2381 Origene.
958 2328 1040 2369 Hic
1063 2340 1161 2385 post
1181 2327 1343 2383 aliquot
1363 2327 1515 2367 deinde

101 2420 229 2444 annos
259 2405 438 2444 Romam
469 2404 528 2445 ire
559 2406 855 2463 contendit,2)
896 2407 1111 2447 Romanae
1153 2405 1351 2446 ecclesiae
1383 2405 1516 2445 visen-

104 2482 180 2522 dae
210 2481 364 2532 studio,
397 2481 463 2522 cui
494 2494 594 2523 tunc
623 2495 817 2538 praeerat
847 2484 1109 2542 Zephyrinus
1140 2482 1269 2537 Papa.
1329 2482 1516 2536 Tempus

102 2558 260 2599 itineris
289 2560 339 2599 ab
370 2559 554 2600 Eusebio
586 2562 925 2616 praetermissum
965 2561 1205 2618 conjectura
1244 2558 1403 2615 assequi
1435 2569 1518 2598 stu-

107 2697 237 2704 ———

226 2773 264 2827 ¹)
297 2774 381 2815 Cfr.
412 2776 564 2817 Euscb.
597 2777 703 2818 Hist.
737 2778 882 2818 eccles.
917 2775 988 2816 lib.
1020 2777 1090 2817 VI.
1127 2793 1214 2830 cap.
1243 2776 1283 2818 8.

226 2841 268 2898 ²)
301 2843 386 2884 Csr.
416 2843 567 2887 Euscb.
598 2846 702 2891 Hist.
735 2847 881 2888 eccles.
914 2845 986 2886 lib.
1019 2846 1090 2885 VI.
1124 2862 1212 2907 cap.
1247 2844 1310 2886 14.
