1759 3125
255 96 340 140 328
674 101 813 144 Pssrm
844 102 1060 145 Dmms
1092 104 1255 145 Huss‘rn

262 210 339 251 καὶ
366 209 429 264 μὴ
461 211 716 267 ποιήσαντα
748 214 908 260 ἑαυτὸν
947 213 1075 269 ἶς’ξιον
1105 219 1311 275 φρουρᾶς
1340 216 1601 273 ἀγγελικῆς·
1634 230 1673 258 ct

264 286 404 329 'l'omo
435 302 636 345 sequente
666 309 780 335 num.
810 295 892 344 21.,
923 310 1061 334 annon
1092 295 1242 344 anima,
1272 311 1377 350 quae
1402 294 1536 346 angeli
1567 306 1675 335 tute-

266 363 348 406 lam
379 367 508 407 suerit
537 370 793 422 promerita,
829 371 866 411 ei
897 372 1049 419 nubat,
1085 370 1141 411 ita
1184 371 1380 426 inquirit,
1419 383 1467 411 ut
1495 371 1538 412 id
1569 373 1681 411 affir-

264 458 379 482 mare
411 443 628 497 videatur3
666 448 866 503 additque
907 463 997 487 eam
1037 447 1278 504 hujusmodi
1316 448 1514 503 praesidii
1552 449 1681 501 gratia

266 535 391 574 posse
424 522 638 574 excidere,
670 524 702 565 si
736 541 816 580 qua
847 525 940 564 labe
972 525 1141 565 foedata
1177 524 1436 579 reperiatur3
1473 525 1679 582 alterique

264 595 416 652 subjici
447 601 619 652 angelo,
671 614 796 658 atque
835 602 937 643 item
984 602 1126 651 alteri,
1170 613 1299 657 prout
1342 617 1488 642 eorum
1528 619 1609 659 ope
1641 616 1682 644 et

266 675 482 716 consortio
513 677 725 730 indignam
755 695 798 719 se
829 679 1107 734 praestiterit;
1145 695 1222 720 nec
1253 679 1410 731 angeli,
1451 695 1472 719 a
1504 696 1588 735 quo
1621 697 1682 721 se-

264 751 350 791 mel
379 753 600 808 repudiata
623 767 697 806 est,
729 755 1013 811 patrocinium
1038 757 1189 797 iterum
1211 755 1289 796 sibi
1313 756 1523 811 spondere
1544 773 1683 812 posse.

266 827 411 868 Utitur
454 831 505 870 ad
550 832 651 872 haec
701 833 799 873 libri
842 832 1027 874 Pastoris
1059 833 1332 883 auctoritate,
1376 833 1447 888 qui
1491 834 1683 877 homines

267 903 479 946 Christum
519 910 732 963 professos
771 910 971 951 Michaeli
1008 909 1158 967 subjici
1199 911 1349 960 docet,
1395 911 1470 950 sed
1508 924 1686 968 propter

267 981 495 1037 voluptatis
524 986 736 1037 studium,
767 987 809 1028 in
840 988 1014 1028 tutelam
1046 987 1238 1036 alterius,
1269 987 1341 1043 qui
1372 988 1534 1029 deliciis
1565 1006 1686 1044 prae-

269 1070 349 1109 est,
379 1061 576 1113 transire,
605 1075 696 1104 tum
726 1066 848 1107 alteri
877 1063 1010 1113 tradi,
1042 1063 1114 1119 qui
1148 1063 1318 1119 poenis,
1350 1081 1396 1104 ac
1429 1065 1468 1104 ei
1499 1066 1685 1117 demum,

267 1135 339 1190 qui
368 1139 655 1192 poenitentiae
686 1143 924 1197 praefectus
967 1153 1039 1182 est.
1108 1141 1292 1181 Rursum
1331 1141 1493 1183 Homil.
1534 1143 1602 1187 23.
1641 1144 1683 1185 in

267 1211 370 1254 Luc.
400 1217 571 1268 angelos
612 1232 850 1274 praesentes
889 1236 976 1260 esse
1019 1220 1145 1259 docet
1174 1218 1215 1258 in
1247 1234 1294 1259 ea
1324 1219 1464 1260 solum
1495 1221 1686 1272 ecclesia,

1741 196 1751 215 1

268 1300 384 1343 quae
413 1301 631 1345 meretur,
661 1303 708 1338 et
742 1295 918 1338 Christe·
943 1302 1024 1337 est.
1085 1295 1172 1336 Sed
1214 1306 1255 1334 et
1283 1294 1387 1335 mihi
1416 1312 1548 1351 paene
1578 1299 1686 1340 illud
1740 1290 1752 1302 ⁸

268 1366 499 1422 exciderat,
545 1374 661 1426 quod
705 1373 763 1414 ait
801 1373 965 1414 Homil.
997 1373 1035 1415 5.
1074 1372 1118 1411 in
1163 1373 1288 1413 Num.
1319 1388 1435 1414 num.
1465 1372 1506 1417 3.
1563 1374 1693 1418 Justi
1757 1415 1759 1424 ,

267 1444 389 1484 enim
415 1454 537 1497 sunt,
567 1451 647 1504 qui
672 1447 886 1506 indigent
916 1447 1149 1505 adjutorio
1181 1449 1455 1504 angelorum
1479 1451 1586 1507 Del,
1616 1457 1693 1496 uti

266 1531 324 1561 ne
355 1534 385 1562 a
414 1520 712 1569 daemonibus
738 1528 1052 1577 subruantur,
1082 1532 1127 1567 et
1158 1538 1214 1568 ne
1245 1524 1387 1568 corda
1417 1540 1573 1570 eorum
1601 1543 1684 1572 sa-

265 1598 398 1652 gitta
427 1601 613 1645 volante
644 1605 692 1645 z'n
722 1603 925 1647 tenebris
958 1601 1276 1646 terebrentur:
1306 1615 1347 1644 et
1377 1606 1494 1660 quod
1524 1606 1622 1650 libr.
1643 1608 1683 1652 8.

271 1687 404 1718 contr.
438 1678 546 1722 Cels.
577 1697 693 1724 num.
723 1681 812 1733 36„
843 1682 918 1722 ubi
948 1683 1087 1723 datam
1121 1698 1206 1723 esse
1239 1681 1436 1723 daemoni
1465 1684 1687 1726 adversum

269 1742 426 1808 impios
456 1768 712 1811 potestatem
743 1771 784 1801 et
814 1759 1042 1816 imperium
1073 1760 1249 1812 fatetur3
1286 1771 1451 1801 sanctos
1492 1773 1629 1803 autem
1662 1781 1685 1805 a

270 1829 438 1872 Christo
479 1835 669 1890 protegi,
718 1837 791 1893 qui
834 1849 981 1878 contra
1019 1838 1274 1878 daemonum
1314 1838 1491 1880 assultus
1520 1841 1687 1892 angelos

268 1923 366 1949 suos
394 1921 558 1952 tutores
586 1913 636 1954 iis
667 1914 842 1956 addidit.
894 1916 942 1956 Id
962 1916 1079 1971 quod
1107 1914 1282 1955 suasisse
1312 1914 1480 1956 videtur
1510 1917 1685 1969 Origcni

267 1984 523 2028 Davidicum
569 1989 680 2030 illud
724 1992 879 2034 Psalm.
922 1993 1123 2041 XXXIV,
1174 1992 1211 2034 7.
1287 1991 1687 2041 „Castrametabitur

271 2063 440 2115 angelus
461 2066 639 2107 Domini
661 2068 703 2109 in
726 2069 905 2110 circuitu
926 2068 1166 2109 timentium
1189 2084 1298 2118 eum,
1331 2081 1373 2109 et
1402 2069 1553 2124 eripiet
1570 2079 1683 2113 eos.“

384 2142 432 2182 In
466 2144 673 2184 contraria
703 2157 844 2186 autem
875 2146 976 2186 alibi
1006 2145 1198 2195 discedit,
1230 2157 1270 2185 et
1300 2146 1512 2187 neminem
1542 2149 1686 2190 asserit

273 2218 462 2271 angelico
487 2236 627 2262 carere
647 2222 882 2278 praesidio:
904 2234 1007 2279 puta
1028 2223 1168 2262 Tomo
1190 2222 1251 2266 13.
1270 2222 1312 2262 in
1336 2223 1485 2267 Matth.
1505 2242 1618 2267 num.
1632 2228 1685 2277 5.‚

271 2295 346 2336 ubi
374 2296 559 2338 lunatico
590 2298 709 2349 huic,
751 2315 878 2356 quem
918 2298 1079 2340 curavit
1114 2298 1347 2350 Dominus,
1387 2303 1581 2353 angelum
1609 2305 1688 2344 bo-

271 2389 374 2414 num
402 2374 584 2416 adfuisse
617 2376 765 2427 docet,
801 2388 892 2417 tum
937 2377 1063 2419 etiam
1104 2394 1198 2417 cum
1231 2393 1253 2417 a
1284 2378 1491 2419 daemone
1521 2397 1687 2421 vexare-

271 2462 352 2501 tur,
385 2463 427 2492 et
452 2454 644 2493 nondum
673 2454 898 2494 salutarem
930 2454 1083 2496 Christi
1113 2471 1239 2510 opem
1271 2455 1488 2498 sensisset:
1527 2457 1685 2516 Πατὴρ

274 2529 325 2572 δὲ
354 2532 433 2573 τοῦ
466 2532 840 2588 σεληνιαζομένου
879 2531 994 2588 τάχα
1035 2530 1057 2575 ὁ
1102 2531 1255 2589 λαχών
1296 2531 1434 2577 αὐτὸν
1465 2531 1684 2592 ἅγγελος·

275 2610 362 2650 εἴτε
391 2609 550 2651 πᾶσαν
580 2611 762 2653 λεκτέον
794 2609 1093 2668 ἀνθρωπίνην
1125 2609 1280 2667 ψυχὴν
1310 2609 1400 2653 ὑπό
1437 2627 1523 2654 τινι
1554 2610 1683 2657 τετά-

265 2689 383 2740 χθαι
414 2683 607 2742 ἀγγέλῳ.
667 2686 881 2728 Illustrior
910 2687 1034 2728 etiam
1068 2699 1127 2728 est
1158 2689 1275 2728 locus
1310 2688 1416 2728 alter
1446 2704 1494 2729 ex
1523 2690 1684 2732 Homil.

269 2761 337 2805 35.
368 2762 411 2803 in
440 2764 563 2814 Luc.,
602 2763 645 2803 in
679 2781 761 2820 quo
792 2764 1090 2820 parvulorum,
1132 2766 1202 2821 qui
1243 2765 1443 2807 ecclesiae
1483 2768 1686 2808 dederunt

271 2856 443 2891 nomen,
475 2841 643 2893 angelos
674 2842 824 2884 faciem
857 2842 1051 2885 coelestis
1092 2843 1224 2884 Patris
1256 2859 1421 2898 semper
1451 2843 1594 2884 videre
1625 2861 1688 2884 as·
