1759 3125
269 111 324 155 66
685 108 828 151 PETRI
867 109 1081 151 Dmmus
1113 109 1279 152 llum-11

271 240 473 282 ronymo‚
517 223 588 279 qui
629 223 965 280 quinquennium
1004 224 1204 263 duntaxat
1243 223 1459 276 assignant.
1521 221 1696 261 Homini

271 318 424 358 nempe
456 302 578 341 valde
610 300 770 356 alioqui
803 300 1035 356 perspicaci
1067 300 1271 356 imposuit
1311 300 1429 341 locus
1469 299 1546 339 iste
1589 298 1695 339 Gre-

273 379 380 431 gorii
418 378 569 434 ipsius:
607 377 797 433 21).tc}¹)
850 380 926 420 καὶ
967 376 1176 432 ὀκταέτης
1223 393 1305 433 μοι
1349 375 1518 434 χρόνος
1566 366 1696 423 οὗτος

275 454 388 512 ἤδη,
424 457 470 506 ἐξ
503 446 558 499 οὗ
590 452 691 500 οὔτε
724 455 856 503 αὐτὸς
886 451 1029 499 εἰπών
1059 471 1114 508 τι,
1149 451 1176 508 ἢ
1207 452 1393 510 γράψας
1422 452 1563 512 λόγον
1594 450 1692 496 τινὰ

272 538 423 592 μέγαν
460 531 487 588 ἢ

273 629 352 656 του
383 613 479 668 Mag
511 609 773 668 γράφοντος
802 607 829 664 ἢ
858 612 1091 666 λέγοντος,
1131 605 1159 662 ἢ
1200 611 1274 652 καὶ
1314 611 1514 668 δημοσίᾳ
1544 623 1696 662 πανη-

530 531 718 590 μικρὸν,
764 531 878 580 ὅλως
907 530 1142 588 τυγχάνω·
1185 528 1286 576 οἵτε
1334 528 1474 575 ἄλλου
1521 527 1694 585 ἤκουσά

271 688 486 747 γυρικοὺς
535 687 701 745 λόγους
742 689 817 730 καὶ
867 684 1193 743 ἄγωνιστικοὺς
1240 689 1582 743 παρεχομένου,
1627 682 1695 728 ὅτι

273 765 336 822 μὴ
370 769 459 809 τῶν
480 770 758 822 θαυμασίων
785 763 958 808 τούτων
988 763 1172 822 ἀνδρῶν
1203 767 1293 807 τῶν
1323 763 1406 818 τὴν
1435 762 1580 816 καλὴν
1611 778 1695 819 (μ-

271 847 501 900 λοσο([ιάν
532 843 888 898 ἀσπασαμένων.
956 843 1023 882 Ab
1056 853 1153 882 octo
1185 841 1301 882 annis
1331 856 1571 882 sermonem
1601 838 1696 879 nul-

272 921 359 961 lum
392 922 456 961 vel
488 920 701 976 scripsisse
731 935 775 960 se
806 919 874 959 vel
905 919 1100 960 recitasse
1131 919 1340 972 agnoscit,
1379 934 1517 974 neque
1549 933 1695 973 quem-

273 1014 396 1055 quam
435 998 680 1039 recitantem
721 997 910 1048 audisse,
946 1008 1242 1053 praeterquam
1281 996 1552 1038 admirandos
1595 994 1694 1034 illos

269 1075 396 1126 viros,
429 1092 551 1116 verae
581 1074 880 1131 philosophiae
913 1086 1142 1125 amatores,
1184 1074 1501 1130 condiscipulos
1538 1088 1693 1128 nempe

268 1169 388 1204 suos,
429 1152 624 1206 Origenis
664 1152 815 1193 itidem
854 1152 1081 1192 auditores.
1156 1151 1337 1193 Minime
1373 1168 1474 1191 vero
1515 1167 1558 1191 se
1595 1149 1692 1190 illos

269 1229 456 1271 dicentes
485 1246 564 1286 per
595 1229 842 1271 octennium
872 1229 1036 1270 audisse
1066 1229 1290 1282 significat,
1329 1230 1404 1270 sed
1446 1245 1533 1269 non
1562 1227 1692 1269 alium

269 1324 524 1364 quemquam
570 1324 650 1364 per
694 1306 938 1348 octennium
977 1306 1153 1347 audisse.
1229 1305 1388 1348 Scribit
1424 1305 1691 1362 Nicephorus

269 1385 376 1425 Hist.
411 1385 484 1427 lib.
515 1386 568 1427 V.
602 1401 690 1441 cap.
723 1384 814 1434 20.,
853 1383 1111 1442 Dionysium
1151 1400 1270 1435 eum,
1313 1384 1385 1440 qui
1415 1384 1620 1424 Heraclae
1650 1394 1691 1423 et

268 1462 309 1503 in
342 1463 484 1503 schola
517 1474 559 1502 et
591 1463 634 1502 in
665 1461 913 1517 episcopatu
934 1461 1221 1502 Alexandrino
1243 1469 1460 1503 successor
1484 1461 1578 1511 fuit,
1609 1460 1690 1501 hoc

267 1552 464 1596 tempore
497 1539 623 1581 etiam
663 1537 915 1580 Adamantio
963 1550 1241 1594 praeceptore
1281 1556 1367 1580 esse
1405 1556 1544 1579 usum.
1602 1538 1690 1579 Eu-

267 1617 408 1659 sebius
440 1629 567 1668 certe‚
601 1633 729 1673 quem
758 1633 891 1656 unum
922 1615 990 1656 hic
1021 1616 1191 1657 videtur
1219 1628 1443 1658 assectatus
1473 1615 1688 1671 Nicepho-

268 1712 351 1746 rus,
382 1694 637 1753 Dionysium
660 1692 936 1755 Alexandriae
957 1692 1153 1746 origenis
1183 1694 1420 1735 auditorem
1451 1693 1579 1734 fuisse
1611 1693 1690 1734 do-

270 1784 356 1825 cet3
390 1772 617 1815 Caesareae
641 1788 743 1812 vero
770 1770 898 1812 fuisse
924 1771 1085 1821 itidem,
1117 1770 1163 1812 id
1191 1788 1293 1812 vcro
1325 1772 1438 1828 apud
1468 1788 1564 1812 eum
1594 1788 1691 1812 nus—

267 1867 392 1905 quam
423 1850 618 1907 reperias.
688 1852 744 1890 At
783 1865 870 1890 non
911 1849 1108 1889 docendo
1149 1848 1309 1899 solum,
1350 1849 1424 1890 sed
1462 1849 1686 1890 scribendo

268 1927 392 1967 etiam
434 1943 511 1982 pro
543 1943 663 1967 more
696 1943 772 1968 suo
803 1925 977 1982 publice
1007 1927 1209 1981 prodesse
1241 1927 1283 1967 in
1314 1927 1395 1967 hoc
1428 1925 1687 1968 Caesariensi

264 2020 429 2044 secessu
470 2004 674 2055 Origenes
712 2004 944 2056 satagebat:
996 2003 1125 2044 Isaiae
1166 2003 1325 2059 quippe
1375 2015 1416 2043 ct
1453 2002 1686 2044 Ezechielis

265 2080 461 2121 vaticinia
489 2093 588 2121 tunc
622 2079 947 2121 Commentariis
978 2079 1213 2123 illustravit.

385 2299 424 2352 ¹)
457 2299 541 2338 Cfr,
576 2298 751 2351 Gregor.
786 2299 1086 2351 Thaumaturg.
1119 2300 1160 2340 in
1192 2300 1394 2358 panegyr.
1427 2316 1539 2341 num.
1575 2299 1609 2342 1.
