1759 3125
262 80 320 126 34
681 80 825 123 Pmu
852 80 1069 124 Danu-:ms
1101 82 1265 125 Hunm

266 209 315 235 ex
345 193 501 234 Arabia
532 193 754 235 excesserit
780 193 1054 252 Hippolytus,
1086 206 1127 236 et
1157 194 1198 236 in
1232 196 1347 238 ltalia
1380 198 1551 238 demum
1581 214 1689 240 mar-

265 271 420 331 tyrium
453 270 619 318 obierit,
650 270 748 311 huic
779 271 880 312 alibi
919 271 1073 327 passim
1113 288 1337 314 occurrere
1367 275 1510 330 potuit
1540 276 1689 329 Orige-

264 364 352 401 nes,
382 360 424 389 et
459 347 728 389 concionanti
758 349 913 391 adesse.

378 425 448 467 VI.
509 425 606 465 Non
627 424 664 480 Ι)
702 425 840 466 multo
880 437 979 481 post
1011 425 1263 467 Alexandria
1294 427 1401 468 clam
1433 427 1544 476 exiit,
1575 444 1689 469 arma

265 502 397 558 impia
429 502 667 544 Caracallae
699 501 876 553 fugiens,
908 503 1058 557 quibus
1090 503 1412 545 funestissimam
1444 506 1689 546 Alexandri-

265 571 328 621 nis
358 580 522 622 cladem
552 577 708 619 intulit.
769 580 914 619 Annus
947 580 1190 620 trahebatur
1231 579 1385 621 Christi
1414 581 1532 631 215.,
1565 583 1689 624 Cara-

267 658 398 698 callae
430 657 613 714 quintus,
645 656 790 696 aetatis
822 655 991 697 circiter
1020 657 1283 709 trigesimum
1313 670 1458 711 agente
1491 659 1688 712 Origene.

265 734 448 777 Secessit
477 735 550 775 ille
581 733 625 773 in
655 733 956 782 Palaestinam,
998 746 1039 774 et
1070 735 1295 776 Caesareae
1338 735 1481 776 sedem
1522 737 1688 791 posuit:

264 813 338 853 ubi
367 823 506 853 tantus
538 811 576 851 ei
606 811 657 850 ab
689 810 900 866 episcopis
929 811 1064 852 honos
1096 812 1261 853 habitus
1302 825 1384 862 est,
1422 825 1468 854 ut
1499 815 1689 854 nondum

267 891 367 930 licet
395 890 656 946 presbytero,
687 888 759 928 sed
792 887 901 929 laico
935 888 1061 929 etiam
1091 901 1179 930 tum
1203 890 1440 930 deferretur
1468 891 1686 943 negotium

265 967 510 1023 Scripturae
546 964 720 1022 publice
762 965 803 1005 in
846 966 1021 1007 ecclesia
1061 968 1359 1023 explanandae,
1400 967 1689 1022 praesentibus

267 1045 491 1101 episcopis.
552 1047 686 1096 Aegre
717 1042 816 1084 tulit
841 1043 1099 1094 Demetrius,
1133 1056 1173 1084 et
1204 1055 1402 1099 tanquam
1433 1056 1599 1100 praeter
1629 1046 1688 1085 fas

266 1124 317 1163 ab
350 1121 560 1178 episcopis
599 1132 641 1161 et
680 1121 865 1173 Origene
908 1133 1158 1162 attentatum
1198 1120 1364 1176 scriptis
1405 1123 1458 1162 ad
1496 1138 1568 1162 eos
1601 1122 1689 1177 epi-

265 1199 384 1241 stolis
415 1198 644 1240 damnavit.
702 1197 884 1239 Factum
921 1198 1178 1248 rationibus,
1219 1198 1487 1254 aliorumque
1526 1200 1689 1254 episco-

264 1293 419 1334 porum
449 1275 699 1317 auctoritate
729 1286 771 1316 et
812 1277 1005 1330 exemplo
1046 1287 1294 1316 excusarunt
1323 1275 1605 1325 Theoctistus,
1639 1302 1689 1308 —-

265 1354 591 1396 Theotechnum
619 1352 799 1394 Photius
829 1352 1018 1408 appellat
1049 1352 1270 1396 Cod.11S.
1289 1365 1330 1393 et
1359 1353 1468 1404 132„
1499 1379 1551 1384 --
1586 1353 1690 1394 Cae-

264 1448 404 1474 sareae
434 1431 671 1487 episcopus,
703 1429 1026 1487 Hierosolymae
1052 1428 1301 1471 Alexander.
1346 1432 1435 1470 Nec
1464 1430 1521 1470 ita
1549 1442 1690 1470 tamen

264 1510 484 1565 placarunt
511 1507 804 1557 Demetrium,
835 1518 883 1547 ut
912 1523 998 1547 non
1031 1506 1261 1559 Origenem
1291 1523 1368 1562 per
1396 1507 1561 1557 literas,
1590 1508 1690 1548 mis-

264 1603 417 1643 sosque
450 1585 652 1626 diaconos
690 1596 922 1625 revocaret.
992 1583 1140 1625 Paruit
1178 1584 1253 1624 ille
1282 1585 1514 1636 mandatis,
1553 1597 1596 1626 et
1624 1601 1691 1626 re-

265 1681 406 1706 versus
436 1663 480 1703 in
510 1662 690 1719 patriam
723 1673 925 1703 consueto
965 1677 1055 1703 sese
1093 1660 1259 1702 muneri
1301 1661 1496 1702 restituit.
1558 1662 1690 1704 Casti-

264 1743 398 1796 ganda
429 1740 497 1781 hic
514 1738 1016 1795 Halloxii,'aliorumque
1049 1738 1325 1791 indiligentia,
1359 1738 1430 1795 qui
1460 1740 1576 1794 prius
1606 1740 1690 1780 hoc

265 1819 461 1872 Origenis
479 1818 522 1858 in
540 1816 819 1858 Palaestinam
846 1817 928 1858 iter
953 1818 1236 1857 confuderunt
1269 1833 1363 1856 cum
1395 1818 1527 1857 altero
1557 1816 1687 1871 paulo
1748 1858 1759 1871 ‚

263 1908 361 1952 post
390 1913 412 1936 a
441 1895 566 1935 nobis
595 1895 825 1943 narrando,
866 1896 983 1950 quod
1023 1896 1076 1934 ad
1109 1894 1292 1935 Achaiae
1334 1895 1556 1949 episcopos
1587 1910 1688 1949 pro—

262 1973 451 2014 ficiscens
481 1986 559 2026 per
590 1986 637 2010 ea
669 1971 762 2011 loca
792 1971 958 2011 habuit:
991 1983 1215 2026 utramque
1237 1970 1348 2010 enim
1374 1969 1688 2025 profectionem

264 2062 385 2092 caute
421 2047 608 2089 distinxit
637 2047 862 2097 Eusebius,
907 2047 1180 2102 prioremque
1219 2059 1313 2088 ante
1355 2047 1593 2088 Caracallae
1624 2048 1688 2088 in—

262 2127 435 2169 teritum
473 2126 525 2166 ab
567 2123 750 2176 Origene
789 2135 1024 2179 susceptam
1066 2136 1205 2165 narrat
1243 2125 1337 2165 libr.
1370 2126 1440 2166 VI.
1481 2125 1588 2165 Hist.
1621 2142 1688 2166 ec-

264 2205 361 2246 cles.
395 2219 484 2258 cap.
518 2201 599 2251 19„
628 2200 911 2256 posteriorem
942 2202 1204 2256 temporibus
1235 2200 1284 2241 iis
1316 2202 1503 2257 deputat,
1536 2202 1686 2258 quibus

261 2281 432 2323 Phileto
466 2278 736 2320 Antiocheno
767 2277 970 2334 episcopo
1002 2278 1200 2320 successit
1230 2280 1438 2333 Zebinus;
1468 2280 1587 2321 locus
1618 2297 1686 2321 ex—

264 2516 489 2574 episcopos
519 2517 596 2568 τῆς
620 2513 790 2572 Ῥώμης
819 2514 973 2557 vocat?
1002 2517 1127 2557 Certe
1157 2516 1309 2557 horum
1343 2516 1531 2557 omnium
1567 2533 1686 2559 error

262 2574 360 2616 inde
390 2583 510 2613 natus
541 2571 721 2624 videtur,
754 2573 870 2629 quod
900 2589 1095 2625 magnum
1122 2573 1408 2630 Hippolytum
1431 2574 1681 2629 episcopum

265 2642 307 2672 et
335 2640 575 2686 martyrem,
608 2629 659 2668 de
692 2645 775 2685 quo
806 2630 1036 2678 Eusebius,
1066 2629 1373 2685 Hieronymus,
1407 2641 1447 2670 et
1478 2630 1682 2671 Theodo-

262 2699 390 2737 retus,
421 2685 688 2727 confundunt
718 2702 813 2727 cum
853 2686 987 2726 altero
1028 2686 1268 2743 Hippolyto
1308 2685 1535 2727 Portuensi
1569 2703 1678 2728 mar-

263 2756 369 2803 tyre,
396 2743 450 2784 de
481 2758 565 2797 quo
596 2742 852 2784 Prudentius
884 2743 935 2783 de
966 2743 1180 2800 marty-rib.
1214 2742 1367 2799 Hymn.
1397 2743 1471 2785 XI.
1504 2744 1553 2785 R.

383 2828 423 2883 Ι)
456 2826 541 2869 Cfr.
575 2824 729 2870 Euseb.
759 2827 864 2870 Hist.
899 2828 1046 2869 eccles.
1078 2827 1150 2868 lib.
1183 2827 1255 2869 VI.
1289 2843 1377 2883 cap.
1412 2825 1475 2870 19.
