1759 3125
467 82 859 125 emt-‚nmmum
897 79 1039 121 met
1070 80 1125 123 II.
1406 80 1489 124 255

74 194 307 244 Christum,
349 192 420 249 qui
451 191 535 233 Dei
565 191 696 232 virtus
730 204 771 232 et
801 191 1004 247 sapientia
1036 203 1121 241 est,
1165 191 1281 247 quasi
1310 191 1488 247 biperti-

73 284 162 313 tum
194 272 237 312 in
266 271 356 311 sole
387 282 429 311 et
460 271 558 311 luna
601 269 810 322 habitare3
859 285 906 310 ac
943 269 985 309 in
1028 269 1119 309 sole
1161 269 1358 325 quidem,
1409 286 1490 324 qua

71 349 158 391 Dei
186 348 316 389 virtus
349 358 431 399 est3
468 346 513 388 in
543 347 642 389 luna
672 364 798 399 vero,
839 363 921 403 qua
962 345 1178 402 sapientia.
1245 345 1491 387 Philastrius

71 427 175 468 item
205 425 331 467 Haer.
354 425 435 475 55„
468 436 508 465 et
539 426 795 479 Augustinus
825 425 878 465 ad
909 423 1041 478 Quod
1071 423 1164 464 vult
1195 424 1336 474 deum,
1365 423 1491 465 Haer.

73 504 153 555 59„
186 503 416 545 Seleucum
447 515 488 544 et
505 504 723 545 Hermiam
753 513 943 556 arguunt,
974 513 1172 554 negantes
1200 501 1491 547 Salvatorem

70 584 118 624 in
164 595 306 623 carne
343 580 499 624 sedere
545 580 611 623 ad
646 580 868 624 dextra-m
896 581 1078 631 Patris,
1122 577 1205 622 sed
1238 579 1493 636 expoliasse

71 673 283 714 carnem,
314 667 360 702 et
383 662 586 716 posuisse
616 662 664 701 in
695 659 787 702 sole
817 660 1134 702 aestimarim:
1175 659 1256 699 hoc
1287 657 1492 698 adductos

70 737 303 794 prophetae
337 738 489 780 Psalm.
521 738 639 787 XIX,
671 738 710 780 4.
771 739 846 790 „ln
877 739 968 780 sole
999 737 1143 794 posuit
1173 735 1492 777 tabernaculum

70 822 235 858 suum.“
296 816 496 858 Criminis
525 814 713 872 ejusdem
748 817 1064 871 Hermogenem
1095 815 1325 872 compellat
1352 815 1494 856 Theo-

75 896 246 957 doretus
276 895 372 937 libr.
408 895 441 939 1.
474 894 643 937 Haeret.
675 894 827 937 Fabul.
860 912 949 951 cap.
985 895 1063 945 19.,
1093 912 1116 936 a
1146 911 1230 951 quo
1265 892 1492 935 verisimile

73 986 134 1015 est
162 973 273 1014 virus
302 972 569 1029 hujusmodi,
612 984 660 1013 ut
689 973 770 1014 alia
800 973 954 1023 multa,
1000 973 1273 1014 Manichaeos
1316 971 1492 1024 suxisse3

70 1068 156 1092 non
187 1052 238 1092 ab
271 1050 480 1103 Origene,
524 1067 652 1107 quem
681 1062 822 1093 tamen
851 1051 1066 1092 insimulat
1095 1050 1302 1107 Serapion
1334 1050 1493 1091 Thmu-

73 1130 179 1171 ensis
211 1141 493 1183 cognomento
528 1128 840 1180 scholasticus,
873 1128 989 1186 quasi
1021 1128 1175 1170 erroris
1205 1127 1326 1186 hujus
1357 1128 1495 1169 Mani-⁷

73 1208 210 1250 chaeis
240 1220 390 1250 auctor
418 1207 568 1259 suerit,
608 1219 757 1263 utpote
790 1207 863 1263 qui
891 1207 1086 1263 proxime
1116 1207 1334 1249 laudatum
1363 1205 1494 1248 Davi-

74 1287 135 1328 dis
165 1287 310 1328 locum
339 1286 575 1337 illustrans,
617 1285 828 1328 Christum
857 1285 1090 1342 scripserit,
1124 1301 1221 1326 cum
1249 1284 1292 1325 in
1324 1283 1491 1325 coelum

72 1365 359 1414 adscenderet,
390 1363 668 1414 obdormisse,
700 1375 741 1404 et
772 1363 968 1420 deposito
1000 1363 1043 1404 in
1068 1363 1157 1404 sole
1183 1377 1378 1418 corpore,
1407 1361 1494 1403 ani-

72 1459 185 1483 mam
214 1442 257 1483 in
291 1442 459 1482 coelum
489 1442 541 1483 ad
583 1442 767 1483 dextram
806 1441 941 1483 Patris
981 1441 1186 1483 intulisse.
1255 1440 1372 1481 Haec
1405 1438 1512 1495 qui-V

76 1521 174 1561 dem
202 1521 246 1561 in
277 1519 388 1561 libro
420 1519 666 1576 Serapionis
697 1520 893 1561 adversus
920 1519 1194 1562 Manichaeos
1222 1516 1370 1559 haberi
1397 1515 1499 1557 scri-

74 1597 137 1639 bit
169 1596 308 1640 Sixtus
339 1597 535 1640 Senensis
564 1597 679 1639 Bibl.
710 1609 837 1639 sanct.
868 1597 941 1638 lib.
965 1597 1018 1650 5.,
1050 1609 1092 1638 et
1122 1608 1222 1653 post
1250 1595 1391 1653 ipsum
1412 1593 1497 1636 Ge-

73 1677 303 1717 nebrardus
334 1675 378 1716 in
409 1675 693 1718 Collectaneis
725 1675 899 1729 Origeni
928 1675 1136 1732 praefixis.
1196 1676 1252 1716 At
1281 1673 1387 1715 nihil
1417 1672 1496 1713 hu-

74 1754 259 1811 jusmodi
297 1752 464 1810 reperio
504 1753 548 1794 in
586 1753 667 1794 hoc
697 1752 943 1809 Serapionis
974 1769 1133 1809 opere,
1172 1763 1303 1808 prout
1333 1751 1495 1792 editum

76 1831 287 1887 reperitur
315 1831 358 1871 in
388 1830 657 1872 Bibliotheca
678 1832 865 1872 Patrum.
914 1830 1091 1871 Binetus
1122 1845 1239 1879 vero,
1269 1830 1313 1870 in
1344 1829 1493 1870 libello

78 1911 130 1950 de
161 1909 293 1950 salute
326 1908 542 1961 Origenis,
582 1909 664 1950 hoc
703 1908 842 1964 ipsum
881 1908 1092 1964 scripsisse
1130 1909 1260 1949 refert
1298 1906 1498 1963 Serapio-

78 1987 246 2029 nemin
279 1987 564 2029 Commentar.
604 1986 647 2027 in
689 1986 843 2027 Psalm.
876 1987 995 2027 XIX.
1054 1985 1258 2027 Profecto
1301 1984 1498 2038 Origeni-

79 2077 158 2107 stas
190 2066 396 2122 quosdam
426 2081 513 2105 non
542 2064 725 2105 multum
758 2062 960 2105 absimilis
978 2062 1126 2119 culpae
1148 2061 1366 2103 insimulat
1387 2061 1500 2104 Oro-

78 2142 160 2185 sius
189 2142 232 2184 in
264 2142 608 2185 Commonitorio
638 2142 690 2183 ad
718 2141 1022 2195 Augustinum3
1049 2141 1309 2197 pertendere
1335 2155 1406 2181 eos
1439 2138 1498 2181 di·

81 2237 175 2262 cens
208 2221 442 2271 Christum,
473 2232 698 2277 antequam
728 2219 773 2261 in
802 2231 932 2261 terras
962 2220 1262 2269 descenderet,
1289 2216 1502 2259 remissio-

81 2314 177 2340 nem
207 2298 377 2352 angelis,
409 2309 594 2339 assumto
629 2314 799 2349 eorum,
831 2315 938 2355 quos
968 2297 1122 2348 adibat,
1154 2312 1350 2353 corpore,
1380 2311 1502 2352 prae-

82 2375 262 2429 dicasse3
294 2392 341 2417 ac
371 2375 541 2416 tandem
572 2376 803 2417 humanum
835 2392 988 2432 corpus
1027 2374 1236 2424 induisse,
1277 2373 1360 2416 Ῐιοε
1385 2385 1501 2430 pas-

82 2454 204 2495 sione
244 2460 289 2494 et
330 2455 668 2496 resurrectione
709 2452 1122 2504 determinantem,
1160 2464 1326 2496 rursus
1360 2448 1503 2493 donec

83 2543 222 2586 usque
251 2527 318 2572 ad
346 2533 536 2575 Patrem
564 2532 762 2583 veniret,
804 2528 1120 2574 adscendendo
1162 2528 1396 2583 tennuffe:
1432 2531 1503 2572 ita

84 2619 225 2662 neque
265 2604 520 2663 depositum
557 2621 761 2664 unquam
797 2607 943 2663 fuis-'fe
974 2621 1158 2665 corpu-v,
1196 2620 1280 2650 nec
1317 2610 1364 2649 in
1405 2618 1502 2648 cor-

80 2696 192 2740 pore
223 2683 314 2726 ullo
353 2692 632 2741 regnantem
672 2687 989 2729 circumscribi
1022 2685 1190 2729 Deum.
1252 2684 1373 2739 Quae
1405 2699 1501 2724 cum

84 2760 129 2801 iu
158 2759 268 2801 libro
301 2762 521 2813 Augustini
554 2775 698 2805 contra
720 2763 1058 2805 priscillianistas
1090 2775 1129 2804 et
1157 2761 1428 2814 Origenistas,
1457 2770 1503 2799 ut

88 2836 157 2877 alii
189 2837 421 2878 eorundem
453 2854 614 2880 errores
643 2841 723 2895 ipsi
755 2842 805 2881 ab
839 2840 995 2882 Orosio
1030 2841 1267 2896 propositi,
1298 2853 1502 2892 nusquam
