1759 3125
241 63 324 107 312
665 65 803 107 Pss‘rm
844 64 1058 107 Dmmus
1092 65 1257 106 [luerit

239 180 370 231 ptum
401 183 467 217 est
500 179 548 218 in
573 178 850 235 Apocalypsi
863 179 1072 237 Ioannis:
1105 178 1298 230 „Angelo
1320 177 1358 232 “)
1381 176 1670 233 Ephesiorum

245 253 446 294 ecclesiae
476 255 631 296 scribe:
672 256 820 296 Habeo
861 254 1021 310 aliquid
1063 266 1209 295 contra
1238 260 1338 295 te:“
1377 261 1424 296 et
1463 266 1672 295 rursum.-

246 331 436 383 ‚‚Angelo
454 330 497 386 ²)
544 333 745 374 ecclesiae
799 332 992 385 Pergami
1038 332 1198 372 scribe:
1249 333 1398 372 Habeo
1451 331 1673 387 quippiam

247 419 391 448 contra
424 413 506 449 te.“
559 408 694 452 Certe
725 410 854 452 homo
886 417 966 459 est,
998 411 1075 464 qui
1100 410 1263 451 scribit
1289 409 1482 464 angelis,
1513 415 1558 451 et
1591 408 1675 450 ali-

247 482 357 539 quid
379 488 625 543 praecipit.
686 489 794 529 Item
834 488 930 527 libr.
960 485 999 529 8.
1040 486 1083 526 in
1116 486 1284 541 epistol.
1316 487 1368 527 ad
1399 487 1524 527 Rom.
1555 501 1671 526 num.

250 561 316 604 10.
385 562 730 620 Numquidnam
778 571 1003 620 tanquam
1052 576 1208 605 servus
1247 564 1390 605 bonus
1427 570 1473 604 et
1498 560 1676 618 fidele'S,

247 640 328 694 qni
354 641 402 681 in
429 654 586 697 pauca
605 641 838 696 fuer-affl)
869 640 1045 693 fidelis,
1078 643 1254 682 sciebat
1283 653 1329 682 se
1359 651 1496 696 snper
1526 639 1677 680 multa

247 717 629 771 constituendum,
659 725 704 760 et
734 718 1002 775 Apostolum
1029 717 1247 770 ficturum
1277 719 1420 760 etiam
1447 723 1551 774 post
1581 718 1678 759 ecci-

247 800 345 835 tum
374 808 527 846 senem,
567 809 658 837 non
688 796 833 837 solum
868 795 1109 846 Gentium,
1148 793 1231 837 sed
1265 803 1312 838 et
1341 794 1679 843 Isra'e'litarum‚

248 878 293 912 et
334 872 532 914 altorum
562 873 793 928 fortassis
832 870 1158 928 invisibilium,
1197 870 1266 914 ibi
1297 872 1380 915 ubi
1406 869 1678 914 benedicunt

246 949 461 1003 spiritus,
493 956 538 991 et
570 953 756 993 animae
774 952 1015 1008 justornm
1047 951 1320 1003 Domi-num,
1361 949 1580 1006 hymnum
1610 946 1677 990 di-

249 1033 382 1075 ειυιτ,
425 1034 471 1068 et
509 1029 873 1085 superexaltum
904 1041 1005 1070 eum
1037 1030 1085 1070 in
1117 1028 1337 1071 saecula?
1386 1029 1453 1069 De
1486 1025 1678 1068 doctrina

247 1102 321 1142 illa
353 1105 512 1155 angelis
541 1121 563 1146 a
596 1104 764 1148 Christo
796 1105 947 1146 tradita
979 1122 1108 1162 supra
1140 1105 1222 1161 jam
1255 1103 1584 1161 disputavimu53
1626 1103 1678 1142 de

250 1195 296 1221 ea
329 1197 451 1232 vero,
494 1199 618 1238 quam
658 1200 680 1224 a
720 1184 942 1239 prophetis
974 1195 1015 1224 et
1046 1183 1266 1238 Apostolis
1298 1191 1554 1238 acceperunt
1585 1178 1680 1235 ipsi,

1738 165 1748 184 ἱ

249 1256 307 1298 sic
336 1258 410 1313 pio
442 1259 671 1316 unicuique
701 1261 970 1301 sentiendum
1002 1271 1086 1309 est,
1118 1276 1204 1300 non
1235 1259 1406 1315 quidem
1438 1256 1680 1298 hominibus
1737 1261 1749 1273 “

248 1334 365 1389 prius
396 1336 632 1378 revelatum
664 1338 790 1378 fuisse
835 1349 876 1378 et
905 1348 1112 1378 retectum
1153 1353 1278 1391 quam
1309 1335 1464 1388 angelis
1496 1335 1681 1375 incarna-

251 1410 378 1452 tionis
410 1414 672 1471 mysterium,
703 1415 817 1470 quod
853 1431 949 1454 cum
980 1414 1226 1469 Scripturae
1255 1429 1395 1453 sacrae
1426 1411 1681 1452 testimoniis

252 1489 474 1531 manifeste
504 1503 684 1546 pugnat3
724 1491 797 1533 sed
839 1507 924 1531 non
965 1491 1170 1543 integram
1208 1501 1349 1530 tamen
1387 1489 1508 1545 hujus
1541 1488 1683 1542 cogni-

252 1565 435 1620 tionem;
466 1569 680 1610 bonorum
712 1580 875 1620 autem,
924 1584 1031 1625 quae
1063 1585 1111 1608 ex
1143 1584 1194 1608 eo
1229 1567 1429 1623 consequi
1460 1568 1681 1616 debebant,

251 1643 456 1686 Gentium
488 1658 590 1702 puta
621 1646 907 1688 conversionis
941 1646 1247 1703 Chrysostomo
1279 1656 1564 1694 memoratae,
1594 1645 1682 1685 fere

252 1713 439 1776 nuilam;
478 1725 684 1780 temporis
725 1740 824 1765 vero
865 1723 1071 1780 postremi
1112 1722 1259 1781 judicii
1301 1723 1463 1764 nullam
1507 1722 1681 1763 omnino

254 1798 459 1844 habuisse.
714 1844 717 1846 ,

369 1879 488 1921 XIX.
549 1881 618 1922 De
649 1881 809 1940 judicio
842 1894 982 1924 nutem
1014 1882 1057 1923 in
1094 1881 1264 1934 angelos
1294 1881 1514 1922 reddendo
1549 1880 1683 1935 quod-

257 1970 422 2011 cunque
454 1957 644 1999 decernit
677 1960 897 2013 Origenes,
928 1961 981 2001 ad
1013 1961 1184 2012 angelos
1213 1958 1433 1998 hominum
1465 1957 1682 1998 custodiae

255 2033 493 2087 praefectos
534 2036 623 2076 fere
667 2037 868 2092 pertinet.
945 2039 1052 2079 Nam
1089 2037 1176 2077 sive
1221 2035 1371 2092 quibus
1411 2034 1685 2075 ecclesiarum

257 2111 507 2161 gubernatio
542 2114 763 2155 commissa
796 2126 879 2165 est,
917 2115 1005 2155 sive
1039 2114 1190 2170 quibus
1230 2112 1460 2161 Gentium,
1502 2111 1570 2151 vel
1600 2112 1684 2152 sin-

260 2187 456 2239 gulorum
489 2189 708 2230 hominum
741 2191 943 2247 deputata
975 2203 1036 2232 est
1067 2189 1272 2240 custodia,
1304 2205 1376 2230 eos
1407 2187 1685 2229 administrati

259 2266 444 2307 muneris
476 2267 699 2318 rationem,
729 2268 841 2309 haud
871 2285 989 2310 secus
1020 2284 1068 2309 ae
1097 2267 1311 2317 homines,
1342 2267 1584 2307 reddituros
1615 2266 1686 2306 de-

259 2341 363 2384 finit.
423 2343 622 2399 Duplicis
653 2356 793 2386 autem
824 2345 986 2398 generis
1018 2344 1172 2404 judicia
1203 2345 1245 2385 in
1276 2344 1374 2385 illos
1398 2360 1419 2384 a
1441 2344 1536 2384 Deo
1571 2359 1685 2383 exer-

261 2419 345 2459 ceri
378 2420 526 2474 docet3
565 2422 668 2471 alia,
707 2421 1041 2478 quotiescunque
1079 2421 1271 2462 homines
1302 2437 1433 2461 -curae
1464 2436 1561 2461 suae
1592 2436 1688 2475 per-

262 2496 377 2537 missi
409 2510 537 2549 recte‚
568 2500 730 2540 maleve
762 2515 804 2540 se
836 2511 1005 2552 gerunt3
1044 2499 1158 2540 aliud
1191 2515 1317 2548 vero,
1359 2515 1452 2538 cum
1484 2514 1684 2553 supremo

385 2661 423 2713 ¹)
460 2660 545 2702 Cfr.
579 2665 714 2717 Apoc.
749 2663 804 2711 Π,
838 2662 874 2704 1.
907 2661 948 2704 4.

381 2730 422 2784 ²)
457 2730 543 2773 Cfr.
579 2734 713 2789 Apoc.
749 2733 802 2782 ll,
834 2732 897 2775 12.
931 2733 996 2775 1-1.

386 2800 428 2854 ³)
459 2800 564 2844 Edd.
600 2803 766 2844 Huetii:
789 2803 960 2858 fuerit.
995 2830 1044 2836 -—
1080 2802 1166 2844 Csr.
1202 2801 1350 2844 Matth.
1385 2802 1519 2849 XXV,
1551 2799 1620 2842 21.
