1759 3125
276 113 332 158 98
696 113 834 154 Pam
875 111 1087 153 DANffius
1118 112 1281 154 lluss'rn

280 226 450 280 vestigia
481 226 696 281 hodieque
727 240 943 280 superesse
974 224 1238 279 praedicant,
1279 224 1350 280 qui
1384 225 1482 264 baec
1515 225 1605 264 loca
1642 225 1701 263 lu-

280 315 474 345 sti-arunt.
534 304 602 343 De
633 303 766 342 salute
794 301 987 354 origenis
1019 301 1350 356 disputationem
1383 320 1402 342 a
1436 302 1579 342 multis
1610 319 1702 341 nm-

281 393 365 422 tam
396 380 522 421 fuisse
552 379 654 429 scio,
687 395 868 435 quorum
899 378 969 418 alii
1012 379 1133 418 coelo
1175 396 1253 434 pro
1294 381 1453 420 moritis
1499 381 1699 420 donatum

284 458 472 508 credunt,
504 456 574 497 alii
606 467 776 505 contra,
816 456 926 495 inter
966 471 1071 510 quos
1112 455 1320 507 Georgius
1360 458 1603 514 Syncellus,
1636 473 1702 496 ae-

280 547 441 576 ternam
475 533 636 575 animae
676 532 877 590 jacturam
920 531 1067 572 secisse
1107 533 1329 574 affirmant.
1401 535 1514 574 Vana
1546 546 1586 574 et
1616 534 1703 574 ina-

279 612 343 653 nis
374 610 577 668 quaestiO,
611 627 736 667 quam
766 627 843 650 nos
874 610 926 649 ad
956 609 1186 652 necessaria
1225 623 1501 665 properantes
1536 612 1584 651 iis
1617 612 1703 651 ‹lis-

279 689 526 746 ceptandam
570 687 869 743 relinquimus,
924 686 994 742 qui
1034 698 1193 726 tantum
1234 686 1401 738 ingenio
1457 705 1533 729 suo
1576 689 1702 730 licere

281 768 441 808 volunt.
516 763 725 806 Grandis
764 762 1080 820 labyrinthus,
1121 764 1256 820 inquit
1296 767 1469 806 barbare
1511 768 1704 807 VVerne·

278 861 347 886 rus
368 845 406 901 ¹)
438 841 741 897 Westphalus,
772 842 845 881 sed
877 856 987 890 vere,
1019 854 1049 882 a
1080 840 1267 883 deversis
1301 846 1484 884 texitur
1500 841 1553 884 de
1573 842 1703 885 Sam-

279 935 402 972 sone,
432 919 696 969 Salomone,
733 918 963 971 Trajano,
996 926 1041 960 et
1072 921 1156 960 isto
1194 918 1419 974 Origene,
1457 934 1517 960 (m
1549 918 1703 961 videm

280 1007 351 1041 cet
380 998 558 1040 salvati
582 999 699 1048 sint,
732 1009 794 1037 an
827 1009 938 1038 non:
977 1009 1092 1052 quae
1133 999 1240 1052 quia
1269 999 1366 1038 sine
1390 998 1596 1053 periculo
1627 1012 1703 1039 ne-

278 1079 514 1131 sciuntur,
566 1087 648 1115 uec
685 1076 829 1115 etlam
876 1073 1064 1115 ecclesia
1110 1073 1374 1127 certificata
1419 1081 1487 1115 est
1525 1072 1579 1115 de
1621 1073 1704 1128 leis,

283 1155 479 1197 Domino
512 1152 725 1194 totaliter
755 1149 1083 1193 committenda
1112 1159 1233 1193 sunt.

404 1232 458 1272 X.
517 1228 776 1271 Prodierunt
799 1227 839 1284 2)
881 1245 901 1268 e
934 1228 1088 1269 Schola
1121 1228 1317 1281 Origenis
1348 1229 1423 1269 viri
1456 1229 1612 1284 pietate
1644 1229 1705 1270 in-

282 1310 417 1362 signes
449 1319 490 1348 et
533 1305 726 1347 doctrina
764 1306 1037 1357 Plutarchus,
1076 1307 1279 1356 Serenus,
1318 1306 1588 1357 Heraclides,
1619 1307 1705 1347 He-

282 1546 418 1574 terrae
448 1541 613 1572 sanctae
645 1546 733 1585 cap.
765 1529 802 1572 2.
835 1535 871 1582 §.
907 1530 967 1580 5.‚
1005 1530 1268 1570 Bernardum
1309 1531 1361 1570 de
1402 1530 1704 1587 Breydenbaclz

283 1592 327 1631 in
358 1591 468 1630 libro
501 1586 800 1628 transmarinae
831 1603 928 1627 suae
950 1586 1320 1641 peregrinationi33
1350 1587 1559 1628 Joannem
1579 1587 1706 1628 Zual—

284 1647 448 1688 lardum
487 1645 531 1685 in
574 1659 707 1700 opere
746 1655 830 1683 tam
870 1644 1042 1696 gallice,
1083 1660 1207 1698 quam
1238 1643 1378 1683 italice
1407 1643 1590 1698 scripto,
1638 1643 1705 1684 cui

283 1704 456 1745 titulum
485 1701 608 1742 fecit:
638 1713 815 1755 voyage
836 1698 890 1742 de
908 1700 1179 1749 Je'rusalem,
1210 1700 1282 1741 lib.
1309 1701 1359 1741 V.
1392 1717 1480 1756 cap.
1499 1701 1553 1749 4.,
1587 1700 1707 1741 Chri-

284 1760 465 1801 stianum
508 1757 830 1807 Adrichomium
870 1757 912 1797 in
949 1774 1025 1797 suo
1064 1758 1227 1797 theatro
1259 1769 1394 1797 terrae
1424 1770 1611 1805 sanctae,
1652 1758 1704 1797 ad

283 1817 440 1857 tribum
476 1817 591 1864 Aser,
620 1831 735 1857 num.
766 1813 834 1856 84.
863 1813 905 1853 in
936 1815 1040 1854 fine:
1080 1815 1289 1854 Joannem
1329 1813 1583 1855 Cotovicum
1615 1813 1702 1856 itin.

284 1872 500 1914 Hierosol.
538 1883 580 1911 et
618 1872 775 1928 Syriae.
817 1871 889 1913 lib.
924 1873 957 1912 I.
1003 1887 1091 1925 cap.
1127 1869 1191 1913 19.
1228 1886 1318 1926 pag.
1353 1870 1469 1919 121„
1502 1882 1542 1910 et
1573 1871 1704 1910 an·

286 1930 443 1970 ciscum
494 1927 817 1981 Quaeresmium
864 1927 1113 1968 Elinoritam
1162 1927 1205 1966 in
1247 1926 1530 1966 elucidatione
1569 1938 1704 1966 terrae
1752 1921 1759 1933 ¹

284 2001 423 2028 sacrae
454 1983 530 2024 lib·
558 1985 655 2023 Vll.
688 2000 780 2038 cap,
814 1983 880 2026 10.
939 1983 1016 2024 His
1055 1982 1309 2039 adjungendi
1343 1995 1438 2023 sunt
1477 1982 1705 2022 Bartholo-

284 2057 428 2083 maeus
458 2041 511 2081 de
541 2039 780 2091 Saligniaeo
819 2040 862 2080 in
892 2039 1106 2080 itinerario
1138 2038 1424 2095 Hierosolym.
1469 2039 1594 2079 Tom.
1628 2040 1702 2080 IX.

286 2116 376 2155 cap,
408 2096 490 2148 10.,
518 2096 817 2147 Doubalanus‚
849 2108 1024 2151 voyage
1055 2094 1109 2136 de
1140 2095 1187 2136 la
1220 2102 1344 2136 terre
1373 2098 1538 2145 sainte,
1572 2094 1701 2151 clmp.

284 2156 353 2199 57.
379 2165 491 2211 pag.
524 2152 642 2202 564,
679 2152 892 2204 Eugenius
932 2152 1074 2204 Roger
1111 2152 1383 2192 Recollectus
1424 2151 1702 2208 desmssptz’on

285 2210 340 2254 de
381 2212 429 2254 la
467 2217 593 2252 terre
630 2211 782 2250 sainte
822 2209 892 2250 liv.
927 2209 963 2251 1.
1004 2207 1132 2263 chap.
1155 2208 1193 2250 8.
1229 2221 1340 2264 pugn
1365 2209 1461 2254 49„
1505 2221 1547 2249 et
1584 2209 1699 2249 aliud

286 2285 394 2324 opus
434 2266 598 2308 Gallice
637 2265 906 2320 inscriptum:
956 2265 996 2305 le
1036 2264 1220 2306 Pe'lerc'n
1260 2264 1504 2316 z’e‘rae'taltle‘,
1555 2266 1624 2307 ll'l).
1660 2266 1698 2307 4.

285 2326 417 2381 elzap.
451 2325 489 2368 1.
516 2335 628 2379 pag.
661 2321 759 2364 442.
803 2321 865 2362 Ex
898 2320 959 2361 his
988 2322 1202 2377 plerisque
1232 2322 1511 2377 scriptoribus
1542 2322 1700 2362 intelli-

284 2397 379 2434 gere
410 2381 523 2429 licet,
554 2379 595 2419 in
627 2394 749 2418 muro
783 2378 1029 2417 cathedralis
1071 2378 1173 2435 Tyri
1214 2379 1411 2419 ecclesiae
1450 2378 1578 2418 titulo
1609 2395 1700 2419 san-

284 2438 341 2479 cti
369 2436 569 2493 sepulcri,
597 2434 710 2491 juxta
740 2433 871 2491 majus
903 2434 1045 2483 altare,
1074 2435 1286 2489 sepultum
1307 2437 1432 2475 fuisse
1457 2435 1700 2486 Origenem,

284 2493 400 2550 cuius
439 2508 595 2534 nomen
634 2502 676 2531 et
714 2490 974 2545 epitaphium
1012 2491 1055 2530 in
1097 2491 1293 2532 columna
1330 2507 1565 2531 marmorea
1595 2491 1700 2532 inci-

282 2568 388 2600 sum,
421 2562 461 2590 et
489 2564 592 2589 auro
625 2547 882 2602 gemmisque
924 2559 1117 2587 ornatum
1153 2548 1311 2588 ibidem
1343 2548 1467 2588 etiam
1498 2564 1610 2600 nunc
1642 2549 1701 2588 le-

284 2609 456 2660 gebatur
492 2621 601 2646 anno
635 2603 757 2647 1283.
817 2604 903 2645 Sed
943 2603 1071 2643 hodie
1110 2605 1298 2644 funditus
1338 2605 1475 2644 deleta
1515 2616 1576 2644 est
1613 2605 1698 2663 Ty-
1758 2599 1759 2612 ¹

281 2681 373 2715 rus;
405 2675 446 2703 et
475 2660 791 2710 Villamontius‚
821 2659 981 2700 itineris
1013 2659 1085 2702 lib.
1112 2661 1185 2701 Ill.
1217 2677 1308 2714 pag.
1329 2661 1435 2710 140,
1469 2661 1695 2712 Origenem
1756 2657 1759 2673 ³

282 2721 385 2778 Tyri
414 2719 628 2775 sepultum
660 2733 746 2757 esse
777 2715 846 2766 ait,
876 2733 960 2756 non
993 2716 1079 2773 ejus
1109 2718 1350 2771 sepulcrum
1381 2734 1612 2774 superesse.
1641 2718 1693 2758 R.
1755 2727 1759 2749 ¹

400 2791 436 2844 ¹)
470 2789 556 2830 Csr.
587 2788 796 2828 Werner.
828 2786 872 2826 in
900 2786 1061 2828 Fascio.
1091 2797 1223 2841 temp.

397 2859 440 2911 2)
472 2858 559 2899 Csr.
590 2857 743 2897 Euseb.
776 2856 881 2897 Hist.
915 2855 988 2898 lib.
1020 2857 1092 2899 VI.
1127 2872 1215 2911 cap.
1247 2856 1287 2898 ΔΙ.
1319 2857 1356 2898 5.
