1759 3125
629 118 868 161 Excmzsus
899 119 1016 163 VIII.
1450 119 1530 165 421

110 233 267 274 invitos
298 232 391 285 cogi
421 231 600 272 instante
630 247 782 284 magno
821 247 943 284 rege:
978 227 1064 275 ιῸν
1101 236 1414 288 πεπείσμεθα,
1467 233 1532 273 in-

110 310 214 367 quit,
245 306 361 354 εἶναι
391 305 493 351 υἱον
522 310 633 351 θεοῦ
663 306 805 364 λόγον
834 304 1010 351 &sou-‘⁶

221 385 456 437 „Similiter
484 385 670 426 vindicat
709 401 732 426 a
764 384 877 427 Celsi
914 384 1123 426 cachinnis
1155 387 1272 443 quod
1304 385 1529 428 Christiani

107 464 247 505 dicere
276 463 483 513 solebant,
516 463 731 504 Christum
760 477 923 504 summa
953 478 1026 502 sua
1046 463 1262 506 voluntate
1292 475 1334 505 et
1357 475 1528 505 nostrae

102 541 247 582 salutis
282 557 403 582 causa
432 557 600 596 passum
632 557 733 582 esse.
796 540 890 591 Qui
917 538 1220 595 quorumdam
1253 547 1526 597 praecepto-

103 631 210 660 rum
248 630 390 660 causa
437 619 631 658 miserat
678 616 874 668 Filium,
921 616 1059 673 inquit
1108 617 1253 659 Celsus
1305 618 1377 660 lib.
1409 617 1526 658 vlu.

103 714 218 742 num.
247 695 339 746 41„
375 694 585 751 permisit
621 706 725 735 eum
755 700 856 735 tam
885 693 1138 737 crudeliter
1177 707 1274 736 una
1305 708 1405 736 cum
1434 696 1528 736 suis

97 774 361 831 praeceptis
384 772 556 828 perire,
587 777 633 812 et
666 777 735 812 tot
752 772 862 827 jam
884 771 1079 814 saeculis
1106 784 1206 814 rem
1235 770 1528 814 dissimulat?

103 851 213 902 Quis
236 855 380 906 pater
409 855 477 890 est
506 855 605 890 tam
634 849 830 905 impius?
858 849 999 891 Dices
1027 849 1159 891 illum
1182 862 1386 906 passum,
1417 849 1525 904 quia

98 930 164 970 sic
191 927 344 970 voluit.
403 928 681 968 Demonstrat
725 925 928 979 Origenes
967 944 1082 969 num.
1114 927 1207 978 43.,
1251 943 1330 968 nec
1367 925 1524 967 Judae-

100 1022 224 1045 orum
252 1005 390 1046 scelus
419 1003 678 1060 impunitum
709 1003 849 1054 fuisse,
879 1020 958 1045 nec
978 1006 1186 1055 mandata,
1217 1015 1397 1060 propter
1415 1019 1523 1059 quae

100 1081 288 1124 Christus
317 1092 510 1130 venerat,
555 1080 599 1120 id
631 1092 714 1130 est,
743 1080 968 1134 imaginem
1001 1099 1096 1122 cum
1128 1098 1179 1122 eo
1210 1081 1408 1136 periisse,
1448 1080 1521 1120 sed

98 1159 241 1215 potius
270 1159 322 1198 ad
354 1157 428 1198 illa
458 1158 748 1210 cognoscenda
779 1158 972 1199 homines
1002 1160 1054 1198 ab
1081 1175 1131 1199 eo
1153 1158 1362 1199 adductos
1381 1157 1522 1198 fuisse.

99 1237 211 1278 Tum
241 1235 301 1276 sic
333 1232 572 1276 concludit:
610 1234 775 1290 Itaque
809 1237 914 1290 pius
942 1242 1010 1276 est
1035 1242 1178 1291 pater
1207 1235 1336 1286 Jesu,
1365 1241 1520 1291 pater,

98 1314 177 1369 qui
194 1313 385 1368 proprio
417 1311 536 1354 Filio
568 1324 658 1352 non
684 1314 905 1368 pepercit,
935 1310 1018 1353 sed
1039 1324 1126 1367 pro
1157 1309 1285 1352 nobis
1315 1308 1521 1352 omnibus

96 1388 227 1430 illum
260 1385 426 1438 tradit,
455 1401 634 1445 agnum
662 1402 804 1441 suum,
836 1395 887 1429 ut
919 1388 1055 1430 tollat
1081 1395 1326 1444 peccatum
1357 1385 1522 1427 mundi

89 1479 178 1523 pro
218 1472 312 1507 toto
358 1463 526 1507 mundo
568 1472 798 1508 mortuns:
845 1473 1128 1521 quapropter
1178 1478 1268 1506 non
1318 1471 1517 1514 coactam,

93 1541 177 1586 sed
204 1542 347 1584 libens
369 1543 570 1599 pertulit
599 1543 759 1585 illatas
788 1540 880 1584 sibi
903 1544 1115 1599 injurias.
1174 1542 1290 1583 Nihil
1320 1543 1517 1598 frequen-

94 1621 178 1662 tius
209 1619 386 1674 exagitat
416 1620 586 1671 Celsus,
632 1637 756 1676 quam
803 1621 919 1675 quod
960 1619 1187 1661 Christiani
1228 1620 1368 1660 dicere
1407 1619 1518 1660 sole-

95 1700 219 1749 bant,
270 1699 414 1739 Deum
454 1697 497 1737 in
537 1698 648 1737 hune
688 1698 894 1738 mundum
937 1697 1096 1738 venisse
1135 1698 1341 1738 humanae
1371 1696 1515 1738 salutis

95 1793 229 1829 causa,
262 1776 373 1831 ac¹)
405 1776 494 1831 ipsi
520 1772 699 1830 quidem
728 1775 826 1817 Deo
858 1788 966 1832 opus
996 1788 1086 1816 non
1105 1775 1261 1830 fuisse
1290 1776 1514 1830 cognosci,

91 1851 175 1896 sed
193 1859 391 1910 propter
419 1858 628 1894 nostram
657 1852 857 1894 salutem
886 1853 1075 1894 voluisse
1106 1854 1414 1908 cognitionem
1444 1853 1519 1893 sui

87 1937 359 1988 praestare:
387 1936 439 1971 ut
469 1932 551 1985 qm·
575 1942 678 1972 eam
707 1931 984 1986 receperint,
1003 1930 1112 1985 jam
1143 1927 1252 1971 boni
1264 1929 1514 1984 sactisal-

92 2014 288 2057 ventum
328 2008 408 2062 qui
456 2019 561 2049 vero
598 2019 690 2048 non
729 2009 1005 2064 receperint,
1049 2008 1282 2063 nequitiae
1320 2007 1517 2047 convicti

87 2087 362 2142 puniantur.
430 2083 643 2125 Nimirum
689 2084 815 2125 Celso
859 2084 1084 2126 videbatur
1128 2083 1349 2124 hominurn
1391 2083 1514 2133 salus,

92 2179 198 2218 quos
227 2161 441 2202 vermibus
482 2173 522 2202 et
559 2162 668 2202 ranis
709 2173 920 2218 praestare
951 2174 1074 2214 negat
1102 2178 1216 2202 num.
1248 2161 1332 2212 23„
1365 2160 1512 2202 exilius

91 2240 309 2296 quidpiam
340 2251 382 2279 et
408 2238 630 2289 minutius,
673 2257 795 2296 quam
827 2252 873 2281 ut
913 2241 1008 2281 Deo
1041 2256 1206 2281 causam
1238 2240 1410 2279 afferret
1441 2238 1514 2277 dc-

93 2316 323 2360 scendendi
353 2317 498 2367 coelo,
541 2328 582 2357 et
621 2318 752 2358 carnis
783 2318 1087 2374 suscipiendae.
1147 2317 1233 2358 Sed
1264 2331 1348 2370 quo
1381 2314 1508 2365 magis

93 2396 196 2436 haec
226 2393 406 2435 ridicula
436 2393 561 2434 Celso
595 2395 811 2447 videntur,
851 2413 901 2436 eo
933 2395 1131 2436 libentius
1161 2391 1377 2450 praedicat
1411 2392 1509 2431 Ori-

94 2488 230 2526 genes.
290 2471 464 2512 Praeter
495 2486 554 2520 ea,
587 2488 690 2526 quae
723 2471 804 2529 jam
835 2473 981 2524 attuli,
1013 2472 1071 2513 sic
1102 2470 1295 2527 loquitur
1324 2486 1437 2510 num.
1469 2470 1509 2512 9.

84 2543 257 2593 ‘moen
288 2540 391 2602 οὖν,
439 2544 526 2590 κᾶν
562 2548 626 2605 μὴ
665 2551 877 2604 βούληται
917 2553 1110 2604 Κέλσος,
1161 2548 1274 2605 μετὰ
1313 2545 1507 2595 πολλοὺς

89 2623 349 2684 προφήτας,
395 2626 826 2684 ἐπανορθουμένους
877 2625 929 2670 τὰ
975 2630 1053 2670 τοῦ
1095 2625 1270 2685 Ἰσραὴλ
1313 2626 1503 2678 ἐκείνου,

211 2858 250 2913 ¹)
283 2858 370 2901 Csr.
400 2857 474 2900 lib.
507 2858 575 2899 lV.
609 2870 753 2900 contra
784 2860 894 2901 Cels.
926 2876 1039 2901 num.
1074 2859 1109 2901 7.
