1759 3125
677 94 910 135 Excuusus
952 95 983 135 Ι.
1457 100 1539 144 363

124 206 192 246 hic
241 207 284 247 in
333 223 417 246 uno
465 204 709 246 testimonio
764 203 1019 246 aeternitatis
1072 204 1228 246 Christi
1282 223 1536 259 argumenta.

123 284 154 324 I.
187 283 304 324 Unus
335 294 396 322 est
427 299 522 322 cum
551 283 675 323 Patre
707 284 845 334 Deus;
878 298 976 334 ergo
1008 298 1175 322 necesse
1209 295 1269 324 est
1299 295 1386 326 tam
1406 298 1539 328 aeter-

124 376 200 400 nus
239 360 295 400 sit
334 376 458 414 quam
499 359 588 415 ipse
627 360 773 400 Pater:
822 360 983 415 alioqui
1021 376 1105 400 non
1145 361 1273 412 magis
1318 362 1398 403 erit
1433 380 1540 406 unus

125 452 220 476 cum
252 435 327 476 illo
358 436 490 484 Deus,
521 453 646 492 quam
671 436 950 477 Ethnicorum
973 435 1047 476 Dii
1080 452 1174 477 cum
1205 454 1370 480 summo
1403 451 1446 480 et
1474 457 1542 482 ae-

121 524 242 554 terno
283 514 394 555 Deo.
462 514 516 555 II.
555 514 794 566 Diligenter
838 514 1121 554 observandae
1171 515 1245 554 hae
1287 532 1440 559 voces:
1483 516 1542 570 ὡς

121 588 346 648 πρότερον
387 590 469 634 οὐκ
509 586 638 634 ὄντα·
690 594 821 645 quasa*
856 598 1000 632 antea
1038 604 1127 631 non
1168 595 1444 637 exstitisset:
1493 612 1541 636 ex

125 683 210 722 quo
241 679 358 722 patet
385 667 492 708 nihil
522 686 545 709 a
579 668 822 709 Christianis
855 667 953 716 coli,
985 668 1035 707 de
1068 685 1151 723 quo
1185 668 1268 709 dici
1298 671 1457 726 possit,
1487 672 1541 712 il-

124 744 199 784 lud
231 756 325 785 ante
365 745 538 800 aliquod
580 757 746 801 tempus
784 761 870 785 non
912 744 1124 786 exstitisse.
1190 746 1328 787 Porro
1367 747 1400 787 si
1441 748 1543 804 quid

125 837 210 861 non
243 835 457 862 aeternum
494 823 696 872 colerent,
727 822 1034 872 rcmcoierent,
1067 839 1171 878 quae
1189 836 1412 879 antequam
1430 842 1543 866 crea-

126 909 244 938 retur
273 915 360 939 non
394 899 629 939 exstitisset.
690 900 765 939 Ill.
800 899 1012 940 Christum
1045 911 1139 939 ante
1171 900 1385 951 exstitisse,
1418 918 1543 957 quarn

125 975 168 1014 in
199 976 309 1016 hunc
340 978 545 1016 mundum
578 975 750 1025 veniret,
783 992 829 1015 ex
863 993 912 1015 eo
947 977 1220 1028 demonstrat,
1252 979 1367 1033 quod
1389 978 1442 1018 sit
1475 995 1544 1019 ve-

126 1051 247 1092 ritas:
280 1069 384 1108 quae
415 1053 705 1102 ratiocinatio,
748 1069 842 1093 cum
882 1069 930 1092 ex
961 1053 1049 1108 ipsa
1081 1053 1266 1095 veritatis
1295 1066 1440 1096 natura
1469 1071 1545 1111 pe-

126 1129 203 1169 tita
232 1129 297 1179 sit,
329 1130 409 1170 hoc
446 1129 659 1186 principio
700 1130 871 1170 fundata
912 1141 992 1178 est,
1029 1130 1196 1170 nullum
1235 1130 1408 1170 omnino
1440 1143 1548 1171 tem-

126 1223 219 1261 pus,
252 1221 323 1247 aut
353 1224 514 1258 aevum,
546 1209 634 1248 sine
664 1207 841 1249 stultitia
871 1206 1067 1259 assignari
1099 1224 1235 1262 posse,
1267 1223 1351 1262 quo
1384 1207 1547 1249 Veritas

127 1299 213 1323 non
245 1284 445 1324 exstitisse
477 1284 652 1326 dicatur.
1489 1329 1502 1345 '

242 1361 290 1400 In
322 1362 497 1402 eandem
528 1362 776 1402 sententiam
808 1362 943 1418 accipi
974 1363 1121 1414 dehet,
1153 1374 1243 1402 tum
1275 1362 1390 1417 quod
1421 1362 1548 1404 Celso

129 1437 362 1479 novitatem
403 1438 646 1480 Christianis
686 1441 965 1494 exprobrante
1007 1441 1288 1488 demonstrat,
1338 1439 1549 1480 Christum

130 1514 293 1556 Filium
324 1516 408 1556 Dei
439 1517 581 1571 fuisse,
613 1528 837 1571 antequam
869 1516 999 1557 homo
1031 1517 1164 1566 fieret,
1195 1515 1267 1557 lib.
1297 1516 1374 1558 III.
1406 1528 1552 1557 contra

134 1593 240 1635 Cels.
271 1610 386 1635 num.
422 1594 500 1643 14,
531 1608 620 1634 tum
653 1594 768 1648 quod
801 1611 897 1635 eum
938 1604 1060 1633 vocat
1105 1591 1401 1648 splendorem
1439 1607 1553 1636 sem-

129 1673 310 1726 piterni
337 1671 534 1723 luminis,
567 1672 640 1711 lib.
663 1673 709 1711 V.
744 1682 887 1711 contra
920 1670 1028 1711 Ceis.
1060 1687 1173 1710 num.
1201 1670 1265 1712 ⁴20.
1311 1671 1397 1712 Sed
1427 1687 1550 1727 prae-

133 1748 260 1788 terire
290 1765 377 1789 non
408 1765 579 1804 possum
611 1749 717 1788 illud
750 1765 798 1788 ex
827 1748 900 1789 lib.
924 1749 998 1789 Vl.
1031 1759 1175 1788 contra
1208 1748 1315 1788 Cels.
1347 1764 1463 1790 num.
1485 1747 1551 1791 17.

140 1822 251 1870 0er
283 1826 374 1882 γάρ
407 1827 484 1869 τὸν
517 1825 787 1882 ἀγέννητον,
828 1828 904 1866 καὶ
941 1822 1088 1876 πάσης
1129 1826 1344 1878 γεννητῆς
1375 1821 1554 1882 φύσεως

138 1903 428 1962 πρωτότοκον
458 1903 550 1946 κατ’
583 1903 716 1952 ἀξίαν
745 1904 914 1946 εἰδέναι
945 1918 1007 1950 τις
1036 1901 1250 1954 δύναται,
1301 1898 1358 1949 ὠς
1391 1900 1412 1945 ὁ
1443 1917 1554 1959 γεν-

140 1980 277 2036 νήσας
309 1981 446 2024 αιῙ-’ῑὸν
477 1979 649 2036 Πατὴρ,
685 1976 783 2024 οὔτε
823 1979 900 2022 τὸν
940 1981 1146 2034 Πατέρα,
1185 1976 1243 2026 ὠς
1284 1975 1304 2021 ὁ
1348 1979 1555 2034 ἔμψυχος

138 2057 294 2116 Λόγος
325 2062 401 2101 καὶ
439 2063 596 2116 Σοφία
629 2058 788 2112 αὐτοῦ,
831 2059 909 2100 καὶ
942 2055 1161 2110 Ἀλήθεια.
1220 2056 1318 2096 Non
1348 2055 1557 2097 increatus

141 2138 279 2178 solum
318 2148 359 2176 et
398 2148 590 2177 aeternus
621 2137 703 2176 hoc
735 2134 977 2175 testimonio
1009 2133 1144 2174 Filius
1187 2133 1438 2183 adstruitur,
1482 2135 1558 2174 sed

142 2214 268 2256 etiam
297 2213 482 2270 aequalis
511 2213 650 2266 Patxi;
691 2225 737 2253 ut
778 2212 850 2268 qui
879 2213 1049 2253 Patrem
1088 2211 1442 2266 comprehendat,
1479 2228 1559 2253 nec

141 2292 272 2345 magis
303 2290 606 2347 comprehendi
624 2290 757 2346 possit
786 2305 807 2329 a
827 2290 952 2330 rebus
976 2287 1135 2337 creatis,
1168 2304 1293 2343 quam
1314 2287 1403 2343 ipse
1419 2288 1557 2331 Pater.

255 2370 435 2410 Viderer
466 2385 628 2409 causam
667 2367 862 2420 Origenis
905 2367 1110 2422 prodere,
1157 2365 1191 2405 si
1235 2365 1340 2405 nihil
1382 2366 1432 2406 ad
1472 2366 1560 2424 ejus

146 2446 435 2488 defensionem
469 2461 516 2486 ex
546 2446 870 2488 Commentariis
909 2445 952 2484 in
981 2445 1189 2484 Joanuem
1221 2441 1473 2494 delibarem,
1514 2461 1561 2484 ex

147 2524 298 2581 quibus
328 2536 413 2564 tam
444 2524 576 2564 multa
605 2525 658 2565 ad
696 2541 794 2565 eum
835 2522 1116 2563 accusandum
1154 2530 1319 2574 arrepta
1357 2531 1465 2561 sunt.
1525 2521 1562 2561 Is

148 2602 277 2656 igitur
305 2602 430 2642 Tom.
464 2602 494 2642 I.
524 2618 639 2643 num.
672 2601 737 2645 16.
768 2617 881 2656 seqq.
927 2598 1135 2654 explicans
1165 2595 1335 2636 initium
1365 2597 1561 2639 Joannis:

150 2680 283 2736 ‚,In¹)
313 2678 527 2736 principio
570 2691 656 2721 erat
691 2681 940 2722 Verbum:“
983 2675 1115 2716 multa
1156 2673 1373 2728 distinguit
1409 2674 1564 2731 princi·

275 2833 313 2889 ¹)
344 2834 421 2876 Ev.
451 2835 602 2877 Joann.
636 2836 668 2885 l,
700 2837 734 2879 1.
