1759 3125
462 101 850 145 ORIGENIANORUM
889 100 1030 140 Lim-:R
1060 96 1078 139 Ι
1085 100 1115 140 Ι.
1396 100 1478 145 335

70 229 242 270 quoque
273 213 459 254 indidem
498 211 544 252 in
583 211 821 262 ecclesiam,
869 210 1155 265 ecclesiaeque
1194 209 1360 262 Patres,
1405 214 1478 253 sed

72 291 222 347 purior
250 303 291 331 et
320 288 578 330 defaecatior
606 289 820 344 profluxit.

184 367 365 408 XXXH.
424 367 563 406 Verba
592 365 726 406 Mosis
758 365 1030 406 eDcuteron.
1060 364 1243 414 XXXII,
1271 362 1311 406 8.
1341 363 1380 407 9.
1412 379 1484 404 eo—

74 445 168 484 dem
199 442 514 498 propemodum
545 442 714 483 deflexit
733 441 938 482 Eusebius
969 457 1016 481 ac
1041 439 1256 492 Origenes.
1305 441 1484 481 Univer-

72 519 126 560 sis
157 519 314 575 quippe
346 519 554 560 Gentibus
601 520 770 572 angelos
819 517 1028 574 praesides
1068 534 1090 558 a
1130 515 1226 558 Deo
1266 517 1484 572 appositos

74 597 213 646 docet,
244 595 406 636 Filium
443 608 584 636 autem
621 595 706 636 Dei
746 594 976 651 suscepisse
1012 594 1243 647 regendum
1273 595 1485 645 Israelem,

74 673 314 728 quicunque
366 689 520 729 nempe
566 673 832 714 Patriarchae
878 672 1028 713 Jacobi
1069 671 1269 727 pietatem
1319 671 1486 722 imitati,

73 749 246 789 nomine
288 748 375 806 ejus
412 750 618 806 appellari
657 760 914 790 meruerunt.
990 751 1131 804 Atque
1172 750 1274 789 haec
1313 750 1488 789 demon-

74 825 285 866 strationis
315 826 555 878 Evangelic.
596 826 691 868 libr.
723 826 761 868 4.
804 843 892 882 cap.
926 826 964 869 7.
1004 826 1116 866 Tum
1146 825 1189 866 in
1218 826 1488 882 sequentibus

76 903 223 944 scribit
252 904 422 955 angelos
453 903 572 952 illos,
612 902 698 942 sive
740 902 881 957 potius
912 902 1156 956 angelorum
1186 904 1342 944 tutelae
1374 919 1490 944 com-

75 980 224 1020 missos
260 979 452 1019 homines
490 995 513 1020 a
553 979 828 1020 daemonibus
869 980 1103 1035 oppugnari
1140 979 1268 1020 fuisse
1300 991 1490 1034 coeptos,

77 1072 308 1112 magnaque
339 1074 386 1096 ex
415 1067 534 1111 parte
564 1055 609 1096 in
640 1072 788 1096 eorum
827 1068 1081 1112 potestatem
1121 1056 1249 1097 fuisse
1278 1057 1492 1108 redactos;

79 1135 220 1190 quoad
250 1132 535 1174 laborantibus
574 1145 616 1174 et
646 1134 857 1189 oppressis
888 1145 1152 1175 succurreret
1182 1133 1382 1183 Christus,
1414 1133 1492 1173 im-

77 1211 335 1267 piorumque
366 1211 619 1251 daemonum
649 1211 911 1269 tyrannidem
943 1211 1197 1267 profligaret.
1249 1212 1310 1251 lta
1341 1222 1382 1250 et
1405 1213 1492 1251 Au-

79 1289 265 1342 gustinus
294 1288 336 1329 in
366 1287 519 1330 Psalm.
549 1288 616 1331 88.
674 1288 776 1331 Non
806 1288 972 1330 clausit
1003 1289 1128 1330 Deus
1145 1288 1338 1342 fontem
1368 1289 1493 1328 bom·-

83 1368 198 1407 tate‘s
225 1378 336 1406 suae
365 1367 508 1407 etiam
538 1368 585 1407 in
616 1366 905 1421 alienigenas
930 1371 1115 1421 gentes,
1158 1378 1270 1420 quas
1298 1362 1377 1406 snb
1409 1377 1493 1406 an-

75 1443 195 1498 gelis
243 1443 573 1494 constituerat,
626 1444 886 1499 portionem
928 1440 1017 1484 siba·
1044 1441 1237 1497 faciens
1278 1442 1494 1498 populum

79 1519 239 1562 Israel.

192 1599 257 1638 Ne
298 1596 518 1637 conflictus
568 1597 739 1652 quidem
784 1597 882 1638 illos
922 1597 1167 1650 angelorum
1205 1597 1316 1638 inter
1352 1612 1416 1647 se,
1458 1608 1499 1636 et

82 1675 260 1732 proelia,
290 1674 482 1715 homines
512 1673 592 1715 sibi
623 1673 869 1715 commissos
899 1674 1081 1714 invicem
1112 1676 1370 1725 subtrahere,
1400 1673 1499 1714 sibi-

85 1769 166 1809 que
204 1750 410 1808 subjicere
451 1752 704 1801 volentium,
743 1751 831 1791 sine
862 1752 1234 1807 adstipulatoribus
1272 1749 1499 1806 proposuit

86 1830 310 1882 Origenes:
357 1844 462 1884 quos
499 1828 610 1868 inter
645 1828 892 1869 recensendi
928 1841 1044 1879 sunt,
1083 1840 1295 1884 quotquot
1325 1827 1500 1868 citatum

84 1907 276 1948 Danielis
309 1905 519 1946 decimum
561 1917 685 1961 caput
724 1906 777 1946 ad
813 1906 949 1945 bonos
988 1906 1156 1958 angelos
1189 1910 1498 1946 converterunt.

83 1987 194 2026 Nam
232 1984 266 2024 si
304 1983 500 2038 princeps
531 1982 647 2035 regni
677 1983 922 2033 Persarum,
959 1983 1129 2035 angelus
1161 1982 1321 2038 quippe
1350 1983 1502 2032 bonus,

89 2079 186 2103 cum
215 2061 426 2103 BIichaele
457 2059 648 2100 velitatus
679 2072 760 2112 est,
805 2060 973 2114 angelos
1004 2062 1140 2101 bonos
1171 2060 1281 2099 inter
1307 2075 1350 2100 se
1382 2058 1505 2099 dimi-

93 2157 184 2181 care
214 2139 432 2180 fatendum
472 2149 545 2179 est.
618 2137 837 2193 Principes
867 2150 1007 2179 autem
1035 2137 1153 2191 regni
1187 2139 1429 2186 Persarum,
1463 2147 1504 2176 et

92 2219 377 2266 Graecorum,
420 2217 557 2256 bonos
598 2231 684 2257 esse
723 2217 893 2268 angelos
925 2216 1211 2257 existimarunt
1242 2215 1504 2270 complures;

90 2296 208 2336 velut
238 2294 534 2338 Theodoretus
572 2293 614 2334 in
644 2294 726 2334 hoc
754 2293 946 2335 Danielis
977 2305 1122 2350 caput,
1164 2292 1348 2332 Isidorus
1378 2291 1507 2331 Pelu-

94 2374 200 2414 siota
230 2372 324 2412 libr.
355 2370 393 2413 2.
426 2370 545 2426 epist.
575 2370 667 2422 85„
706 2372 890 2413 Joannes
922 2371 1243 2429 Chrysostomus
1281 2368 1326 2408 in
1355 2367 1508 2408 Homi-

95 2450 176 2490 liae
207 2448 422 2506 cujusdam
452 2447 494 2488 in
527 2448 681 2490 Christi
712 2450 906 2490 Natalem
927 2450 1174 2500 fragmento,
1207 2447 1322 2502 quod
1345 2445 1510 2485 exhibet

95 2526 273 2567 Photius
297 2525 404 2567 Cod.
427 2525 536 2575 277„
566 2527 639 2566 sed
654 2526 861 2582 imprimis
893 2528 934 2569 S.
954 2527 1137 2567 Thomas
1168 2535 1273 2579 part.
1296 2523 1332 2566 1.
1352 2534 1509 2578 quaest.

99 2603 194 2647 113.
226 2616 299 2645 art.
325 2603 379 2654 8.,
412 2602 486 2659 qui
517 2606 734 2659 quomodo
766 2604 876 2646 inter
906 2620 948 2645 se
981 2602 1219 2643 discordare
1249 2600 1412 2656 possint
1441 2616 1510 2640 an-

99 2683 195 2733 geli,
227 2681 411 2737 exponit.

210 2760 334 2800 Varia
371 2771 511 2800 autem
559 2760 659 2800 haec
699 2760 798 2816 ipsis
837 2758 1022 2817 injuncta
1063 2757 1187 2798 fuisse
1229 2772 1306 2812 pro
1348 2754 1508 2794 meritis

104 2837 257 2889 officia,
287 2849 384 2894 post
415 2838 644 2892 Origenem
677 2838 860 2880 Isidorus
891 2852 1070 2895 >quoque
1108 2832 1367 2891 Hispalensis
1397 2831 1509 2872 affir-
