1759 3125
472 79 861 119 OflmrzmANome
892 77 1032 117 Lmen
1064 77 1117 116 ΙΙ.
1409 77 1490 122 163

71 206 174 242 sam,
203 189 525 230 instrumentum
558 204 657 228 vero
684 187 845 228 Filium
876 187 1188 228 arbitrarentur.
1251 187 1389 240 Quam
1423 205 1495 229 eo-

72 284 165 307 rum
200 264 398 306 insaniam
431 265 736 317 castigaverunt
766 264 1014 305 Athanasius
1046 275 1149 305 orat.
1182 261 1220 306 3.
1251 274 1294 303 et
1323 265 1376 315 5.‚
1411 266 1493 321 Cy-

70 344 189 383 rillus
219 342 291 382 lib.
326 341 389 385 15.
424 353 466 382 et
496 341 561 383 16.
593 342 718 382 Thes.
751 352 792 381 et
823 340 906 381 alii.

176 419 269 459 XV.
328 420 423 459 Non
455 418 558 458 Filii
589 418 848 476 majestatem
878 416 1019 457 solum
1052 415 1313 471 oppugnavit
1340 416 1490 469 Orige-

67 511 153 546 nes,
187 496 260 535 sed
293 495 345 535 de
378 493 465 552 ejus
483 496 607 536 etiam
633 495 823 536 bonitate
856 492 1079 534 detraxisse
1111 491 1253 548 ipsum
1283 505 1430 534 auctor
1450 496 1490 551 ¹)

184 704 223 760 ¹)
254 704 418 757 Pugnat
448 704 701 762 Hieronymi
740 703 946 761 judicium
987 717 1081 742 cum
1111 700 1306 756 pluribus
1340 703 1491 756 Orige-

64 772 125 814 nis
156 774 420 824 testimoniis,
451 775 700 830 praesertim
732 792 825 814 cum
867 773 950 822 his,
996 788 1101 827 quae
1142 771 1269 811 docet
1299 772 1423 813 Tom.
1456 774 1487 814 Ι.

64 843 104 883 in
136 844 286 884 Joann.
316 861 431 886 num.
454 846 534 895 11.,
569 845 801 900 Apostolos
821 841 1122 894 evangelizasse
1149 841 1274 891 bona,
1304 854 1351 882 ut
1367 859 1489 898 prae-

65 912 224 953 dixerat
252 913 435 964 Jesaias,
477 931 570 954 cum
610 914 821 955 Christum
864 910 1275 963 evangelizaverunt,
1320 912 1392 966 qui
1426 924 1487 954 est

62 984 227 1022 honum
258 983 381 1023 nullo
423 983 514 1024 allo
560 981 670 1024 bono
702 982 921 1037 inferius,
962 978 1210 1022 multitudo
1252 979 1486 1032 bonorum,

61 1054 109 1092 in
150 1065 231 1106 quo
275 1050 607 1108 beneplacitum
631 1053 741 1107 suit
792 1064 967 1093 omnem
1001 1047 1337 1107 plenitudinem
1378 1051 1489 1094 dim·-

64 1124 228 1162 uitatis
266 1120 484 1163 habam-e
526 1123 958 1179 c07·porallter‚....
1000 1123 1079 1177 qui
1114 1133 1143 1161 a
1185 1121 1298 1160 bono
1336 1121 1485 1163 Patre

62 1193 259 1247 accepit,
301 1199 353 1233 ut
382 1200 497 1234 esset
529 1191 672 1249 bona,
710 1193 756 1233 id
787 1203 869 1242 est,
902 1191 1094 1232 omnium
1122 1191 1337 1231 bonorum
1369 1208 1485 1233 com-

60 1261 214 1316 plexiO.
287 1262 483 1311 Οὐδενὸς
526 1262 616 1320 γὰρ
665 1265 851 1307 ἔλαττον
899 1262 1080 1318 ἀγαθοῦ
1129 1264 1203 1303 καὶ
1252 1265 1382 1305 τοῦτο
1434 1264 1483 1306 τὸ

60 1330 241 1387 ἀγαθόν
271 1361 281 1372 .
314 1366 324 1377 .
353 1364 363 1374 .
397 1363 408 1374 .
469 1337 655 1388 ΙΙλῆθος
692 1333 887 1389 ἀγαθῶν
928 1334 1050 1375 ἔστιν
1085 1332 1257 1385 Ἰησοῦς
1287 1363 1296 1373 .
1336 1363 1344 1373 .
1371 1362 1381 1374 .
1408 1364 1416 1372 .
1461 1329 1483 1373 ὁ

63 1401 154 1444 ἀπὸ
186 1405 262 1444 τοῦ
296 1403 476 1456 cyano&
519 1403 688 1459 πατρὸς
728 1403 775 1445 τὸ
820 1401 976 1459 ἀγαθὰ
1017 1398 1133 1445 εἶναι
1173 1398 1337 1454 λαβών.
1371 1401 1480 1455 (Cfr.

61 1473 125 1512 ed.
156 1484 286 1513 nostr.
321 1473 446 1512 Tom.
479 1472 510 1514 Ι.
542 1489 631 1528 pag.
666 1471 733 1515 24.
764 1473 830 1515 25.
864 1484 903 1512 et
934 1471 1022 1527 26.)
1073 1469 1160 1524 Qui
1190 1485 1287 1521 ergo
1319 1471 1480 1511 bonum

60 1558 207 1593 negare
238 1542 379 1597 potuit
412 1559 529 1593 eum,
578 1560 661 1598 quo
704 1542 843 1582 omnia
886 1543 998 1581 bona
1031 1538 1239 1580 contineri
1271 1539 1486 1581 declarat?

60 1611 240 1651 Videtur
281 1612 472 1664 Origenis
512 1612 779 1668 vituperandi
819 1628 916 1653 ansa
955 1622 1120 1666 arrepta
1167 1625 1214 1649 ex
1253 1608 1335 1658 his,
1375 1626 1481 1665 quae

63 1681 166 1721 dixit
205 1682 245 1721 in
288 1682 391 1722 haec
431 1682 585 1724 Christi
630 1684 776 1723 verba:
825 1681 972 1736 „Quid
1017 1697 1085 1721 me
1125 1695 1248 1720 vocas
1284 1679 1483 1720 bonum?

59 1753 196 1792 Nemo
228 1752 386 1800 honus,
432 1751 512 1792 nisi
550 1752 664 1792 solus
701 1752 868 1793 Deus.“
911 1751 1019 1806 (Cfr.
1050 1752 1150 1791 Luc.
1183 1750 1353 1799 XVIII,
1396 1750 1482 1806 19.)

60 1821 233 1873 Singula
276 1821 368 1862 loca
409 1822 704 1877 expendamus.
774 1821 978 1872 Origenes
1019 1821 1143 1861 Tom.
1177 1820 1208 1861 Ι.
1250 1819 1293 1859 in
1330 1820 1482 1862 Joann.

61 1907 174 1931 num.
207 1890 300 1940 40„
339 1903 387 1931 ut
426 1893 477 1932 ad
507 1891 725 1932 sanitatem
755 1902 928 1931 revocet
958 1890 1216 1939 haereticos,
1248 1889 1320 1944 qui
1351 1889 1481 1930 alium

60 1962 201 2002 Deum
243 1961 421 2018 justum,
467 1961 595 2002 alium
633 1963 815 2010 bonum,
860 1959 989 2000 alium
1033 1960 1302 2009 Creatorem,
1352 1961 1480 2001 alium

60 2032 259 2072 Creatore
289 2031 492 2088 majorem
534 2031 748 2080 dicebant,
794 2030 990 2071 concedit
1019 2030 1092 2080 iis,
1136 2030 1280 2070 Deum
1310 2031 1480 2073 Patrem

63 2101 262 2142 Creatore
292 2101 496 2158 majorem
526 2100 611 2141 dici
640 2116 786 2156 posse,
837 2100 871 2141 si
913 2101 1090 2141 Creator
1130 2099 1216 2156 ejus
1247 2100 1386 2141 Filius
1418 2102 1481 2143 in-

59 2172 288 2225 telligatur3
317 2172 526 2221 similiter,
546 2173 728 2228 justum
768 2179 813 2213 et
853 2173 1019 2212 bonum
1057 2169 1110 2212 de
1141 2170 1288 2212 Patre
1327 2178 1373 2212 et
1403 2170 1480 2214 Fe·-

61 2242 119 2284 llo
149 2241 240 2284 dici
261 2255 404 2298 posse,
435 2242 553 2284 Filio
572 2243 768 2296 justitia
797 2244 1060 2292 exsistente,
1094 2243 1172 2296 qui
1199 2243 1373 2296 accepit
1395 2256 1480 2298 po-

62 2319 278 2354 testatem
313 2311 574 2366 judicandi,
615 2314 829 2367 quoniam
866 2311 1013 2355 Filius
1044 2309 1237 2352 hominis
1274 2318 1342 2353 est
1381 2314 1478 2369 (cfr.

62 2398 122 2422 ev.
153 2383 305 2423 Joann.
338 2384 388 2432 V,
418 2382 523 2437 27.),
553 2390 599 2423 et
637 2381 869 2438 „judicabit
908 2383 1055 2422 orbem
1094 2394 1300 2422 terrarum
1341 2383 1385 2423 in
1416 2383 1480 2440 ju-

62 2453 228 2494 stitia:“
261 2454 358 2507 (cfr.
387 2452 542 2493 Psalm.
573 2452 778 2501 XCVlll,
816 2452 877 2508 9.)
916 2452 1062 2494 Patre
1101 2465 1225 2501 vero,
1268 2457 1374 2509 (eos,
1406 2457 1486 2510 qui

63 2524 110 2561 in
130 2523 322 2576 justitia-
352 2522 464 2564 Fe‘lt'e'
480 2523 710 2577 castigati
724 2521 930 2575 fuerint,
957 2529 1059 2578 post
1084 2522 1260 2565 Christi
1283 2537 1479 2580 reguum

68 2589 290 2645 beneficiis
322 2591 594 2647 afficiente)
634 2593 743 2632 bom·
775 2593 1043 2633 vocabulum
1084 2597 1292 2649 operibus
1335 2602 1483 2636 osten-

65 2671 188 2712 suro,
219 2659 395 2714 quando
414 2660 575 2713 fuerit
614 2662 758 2713 „Deus
791 2662 929 2703 omnia
962 2663 1003 2702 in
1036 2665 1274 2705 omnibus.‘·
1309 2666 1346 2720 (I
1381 2664 1478 2705 Cor.

66 2728 166 2776 XV,
207 2726 295 2783 28.)
341 2729 459 2770 Hanc
509 2733 563 2772 ob
613 2748 775 2773 causam
831 2733 1042 2774 Christum
1095 2735 1242 2775 dixisse
1290 2733 1480 2789 conjicit:

68 2796 213 2850 „Quid
247 2813 313 2837 me
343 2799 529 2854 appellas
558 2801 748 2843 bonum?
778 2804 914 2844 Nemo
947 2804 1096 2852 bonus,
1127 2804 1206 2846 nisi
1235 2821 1341 2843 unus
1363 2804 1480 2843 Deus

1021 2880 1109 2922 11*
