1759 3125
265 124 317 165 50
685 122 822 163 Pam
864 119 1074 160 Ihm-mus
1107 117 1266 157 Ilm-:Tu

269 237 372 278 stiva
404 247 443 276 et
481 232 636 275 salubri
670 231 932 286 poenitentia
965 231 1228 279 cmcndasseg
1270 245 1345 270 nee
1378 229 1494 270 Petri
1528 230 1690 284 lapsum

270 313 566 360 solummodo,
606 309 679 350 scd
722 308 911 349 lacrimas
951 307 1077 348 etiam
1117 323 1164 347 ac
1203 306 1400 347 dolorem
1450 323 1691 362 repraesen-

270 406 390 434 tasse,
451 386 827 443 Quemadmodum
859 397 998 426 autern
1031 384 1207 436 Origeni
1247 384 1298 423 ad
1337 383 1580 440 hujusmodi
1623 384 1695 424 ssa-

273 471 419 524 gitium
459 464 638 523 praeivit
686 464 856 513 Petrus,
907 463 960 503 ila
1004 460 1255 502 Blarcellino
1304 460 1443 517 Papae
1492 474 1693 517 uterque:

272 549 384 588 hunc
414 545 527 585 enim
570 541 779 596 templum
817 541 969 580 Vestae
1014 555 1110 578 cum
1150 537 1422 578 Diocletiano
1464 538 1694 591 ingressum

272 627 367 667 thus
399 621 600 664 obtulisse
633 617 720 674 ejus
751 615 923 657 nomine
956 615 1154 671 inscripta
1177 617 1284 655 Aeta
1299 626 1516 656 testantur.
1564 614 1694 668 Quod

271 705 417 745 fictum
448 712 588 740 tamen
620 706 661 735 et
690 695 842 735 salsum
882 709 970 734 csse
1008 691 1227 733 contendit
1272 691 1526 744 Augustinus
1548 693 1585 748 ¹)
1626 692 1698 731 at]-

272 797 414 822 versus
451 775 707 818 petilianum
747 771 1029 813 Donatistam.
1105 769 1159 810 Et
1198 780 1245 809 ut
1282 784 1429 809 verum
1468 768 1541 818 sit,
1588 769 1698 808 hunc

272 856 474 915 martyrio
523 851 652 908 paulo
700 861 798 905 post
844 864 1005 889 summa
1053 846 1284 887 constantia
1325 860 1522 902 suscepto
1562 847 1696 888 scelus

271 949 486 991 reparasse
517 940 679 971 certum
711 938 783 968 est.
843 926 948 966 Tam
988 924 1213 965 luculentis
1251 936 1392 965 autem
1431 924 1555 978 signis
1593 940 1697 980 poe-

273 1011 491 1055 nitentiam
523 1023 640 1049 suam
672 1005 875 1058 Origenes
904 1003 1079 1058 publice
1111 1013 1283 1043 testatus
1317 1014 1391 1052 cst,
1422 1014 1468 1043 ut
1499 1004 1550 1042 ab
1584 1002 1695 1042 otio-

273 1092 326 1133 sis
362 1088 539 1130 subinde
577 1083 819 1124 hominibus
857 1079 1101 1136 suppositus
1140 1080 1267 1120 fuerit
1307 1080 1416 1120 liber
1456 1081 1508 1120 de
1546 1079 1697 1135 poeni-

272 1167 405 1210 tentia
443 1162 661 1216 Origenis,
704 1177 830 1216 quem
880 1159 924 1199 in
963 1158 1318 1215 Apocryphorum
1362 1174 1531 1199 censum
1572 1156 1698 1198 Gela-

274 1244 415 1298 sius2)
448 1242 563 1296 Papa
593 1238 753 1279 retulit.
812 1239 851 1278 Is
891 1249 1031 1276 tamen
1072 1236 1199 1284 liber,
1240 1236 1293 1276 ad
1333 1252 1459 1291 quem
1489 1235 1697 1291 pertineat

274 1319 468 1373 Origenis
499 1318 683 1372 lapsum,
722 1313 930 1355 dubitavit
969 1312 1255 1367 Ba1·0nius:³)
1300 1312 1415 1370 cujus
1457 1313 1569 1353 enim
1609 1328 1697 1352 sese

275 1397 459 1440 criminis
489 1411 608 1435 reum
637 1393 719 1433 hoc
749 1393 859 1432 libro
893 1391 1055 1446 peragit
1090 1390 1376 1444 Adamantius,
1410 1390 1476 1430 vix
1508 1390 1560 1430 ad
1592 1406 1697 1438 eam,

274 1493 399 1533 quam
429 1484 666 1521 tractamus,
697 1468 925 1526 Epiphanii
954 1467 1170 1508 historiam
1200 1468 1343 1523 potest
1371 1466 1698 1509 accommodari.

274 1557 337 1596 Ae
386 1550 495 1592 illud
555 1547 784 1605 praecipue
838 1545 1041 1598 flagitium
1095 1562 1259 1586 caussae
1311 1545 1439 1587 fuisse
1492 1545 1699 1585 existimo,

276 1806 408 1849 Nune
455 1814 561 1844 vero
609 1797 791 1856 quando
840 1796 1085 1839 adversum
1124 1810 1204 1839 7108
1258 1800 1440 1854 vgm'tae
1486 1799 1695 1853 sagittae

273 1875 449 1917 multae
479 1884 630 1914 vanae
648 1870 856 1925 fuerunt
871 1869 1061 1923 factae,
1094 1868 1193 1909 Deo
1224 1868 1329 1910 illas
1355 1870 1697 1924 exstinguerem,

273 1953 319 1988 et
350 1949 536 1986 assueta
566 1943 726 1982 anima
760 1947 923 1981 nostra
951 1937 1042 1987 his,
1081 1951 1198 1993 quae
1235 1938 1437 1980 coelestis
1474 1940 1695 1979 sermonis

274 2030 416 2061 causa
445 2015 737 2067 contingunt,
763 2009 906 2064 ferre
944 2011 1130 2064 cogitur
1155 2007 1358 2063 facilius
1386 2006 1557 2061 factas
1586 2008 1697 2049 insi-

273 2086 387 2137 dtas,
417 2084 561 2128 zelun·
588 2082 879 2136 altqnmztum
909 2080 1175 2120 serenztatzs
1202 2079 1344 2132 nacte,
1376 2091 1466 2117 non
1498 2077 1695 2133 amphus

272 2157 539 2212 dfierentes
567 2150 747 2194 ‹lt-ctare
775 2150 979 2191 volumus
1008 2161 1123 2204 quae
1138 2155 1334 2198 restant,
1366 2148 1516 2190 Deum
1542 2151 1692 2204 magl-

269 2237 421 2272 strum
449 2239 497 2267 m
529 2225 715 2265 ammae
744 2227 933 2261 nostrae
962 2217 1101 2275 adyto
1127 2219 1368 2275 penetralc
1397 2221 1691 2261 msonantem

272 2297 429 2342 adesse
452 2300 713 2354 precantes,
742 2297 797 2332 ut
813 2287 962 2344 fidem
995 2291 1195 2344 acc-fluat
1223 2296 1465 2332 structura
1496 2302 1694 2330 enarra-

272 2373 406 2414 tionis
434 2364 668 2422 evangelii
691 2359 938 2403 secundum
965 2360 1203 2404 Joamzem.
1275 2359 1322 2401 Si
1360 2360 1472 2401 enim
1510 2360 1695 2401 idolola-

269 2440 373 2482 triae
404 2454 498 2480 reus
528 2435 676 2477 fuisset
706 2431 930 2483 O1=igenes3
960 2430 995 2470 si
1026 2432 1081 2471 ob
1110 2447 1203 2471 eam
1235 2446 1400 2471 causam
1429 2430 1576 2470 fuisset
1603 2430 1693 2470 Dc-

268 2509 411 2551 metrii
451 2503 821 2561 compluriumque
860 2500 1161 2556 episcoporum
1208 2500 1367 2556 judicio
1413 2502 1463 2540 ab
1515 2501 1690 2543 ecclesia

269 2579 594 2633 sacerdotioque
625 2571 835 2630 dejectus3
864 2570 898 2609 si
930 2571 1110 2627 denique
1128 2571 1373 2626 poenitens:
1404 2570 1610 2626 numquid
1632 2571 1690 2612 ita

269 2652 436 2692 locutus
466 2643 641 2689 fuisset?
697 2641 870 2683 Judicet
899 2656 1055 2695 aequus
1086 2658 1229 2681 rerum
1261 2640 1514 2682 aestimator.
1546 2643 1594 2684 R.

386 2721 426 2776 ¹)
459 2719 545 2761 Cfr.
577 2712 796 2766 Augustin.
830 2711 883 2751 de
913 2711 1023 2751 unic.
1053 2710 1250 2765 baptism.
1284 2726 1371 2766 cap.
1408 2711 1474 2754 16.

380 2792 424 2848 ²)
457 2790 542 2832 Cfr.
575 2784 714 2827 Gelas.
744 2783 788 2823 in
821 2781 952 2823 Cone.
984 2781 1110 2821 Rom.
1141 2780 1247 2823 Dec.
1275 2781 1312 2823 1.
1345 2780 1442 2824 Par.
1473 2782 1585 2825 Dist,
1619 2783 1684 2826 15,

383 2863 427 2918 3)
461 2861 550 2902 Cfr.
579 2857 736 2898 Baron.
768 2854 820 2894 ad
850 2868 943 2894 ann.
974 2850 1069 2895 253.
1102 2867 1224 2895 num.
1257 2851 1350 2896 118.
