1759 3125
230 87 258 132 6
651 93 793 136 Pmm
832 93 1045 134 DAtsnzms
1077 92 1241 135 Homn

235 202 398 244 derunt.
486 203 622 245 Orum
677 193 749 245 seu
798 205 965 247 Horum
1012 205 1172 248 dictum
1227 206 1478 247 existimavit
1523 207 1664 248 Ilorus

236 279 420 335 Apollo,
466 282 582 336 quod
621 281 735 323 horis
774 285 950 339 praesit3
995 285 1133 325 Horas
1166 296 1311 325 contra
1341 302 1497 326 nomen
1529 286 1580 325 ab
1613 301 1663 325 eo

235 357 428 409 traxisse,
470 370 511 398 et
549 371 733 414 quatuor
772 362 866 401 anni
908 373 1177 417 tempestates
1209 361 1353 418 ὥρους
1382 363 1570 403 indidem
1605 362 1667 402 ‹li-

237 445 335 485 ctas,
367 446 408 476 et
438 452 613 487 annum,
645 450 686 478 et
716 438 980 480 Graecorum
1013 439 1203 490 annales,
1236 452 1273 482 et
1307 457 1455 481 eorum
1486 440 1668 495 scripto-

237 528 302 575 res
321 510 636 571 ώρογράᾳους,
656 518 828 557 tradunt
849 515 1093 558 Macrobius
1118 516 1191 557 lib.
1213 518 1244 559 Ῑ.
1276 518 1443 559 saturn.
1478 534 1566 572 cap.
1584 517 1666 566 21„

238 599 280 629 et
311 589 567 633 Censorinus
600 609 689 650 cap.
723 594 787 638 19.
849 595 998 649 Inepte
1029 594 1171 634 Ilorus
1202 595 1378 650 Apollo.
1420 595 1552 650 ’Ἐμοὶ
1581 596 1670 653 μὲν

240 659 325 710 οὖν
353 667 615 725 Αἰγύπτιον
642 676 870 728 φαίνεται,
903 675 979 714 καὶ
1009 669 1502 726 οὐδαμῶςἙλληνικὸν
1521 668 1668 729 ὄνομα

243 746 367 800 Ωρος
397 742 527 800 εἶναι,
560 748 695 805 inquit
717 750 941 790 Pausanias
962 749 1002 789 in
1028 749 1242 791 Corinth:
1277 766 1387 791 vere.
1440 748 1669 792 Salmasius

240 821 361 877 epist.
394 823 460 866 78.
507 826 644 867 Orum
690 843 846 867 nomen
889 827 1042 867 habere
1082 839 1222 867 censet
1261 843 1281 867 a
1323 827 1475 868 veteris
1508 828 1671 879 linguae

237 899 470 957 Aegyptiae
502 904 740 945 vocabulo:
779 901 964 959 πιουρὸ,
1006 905 1071 944 vel
1105 906 1262 960 absque
1303 905 1505 946 articulo:
1548 903 1671 960 οὗρὸ,

241 978 358 1031 quod
389 977 570 1034 Regem
600 993 734 1022 sonat.
780 983 841 1022 Ita
874 993 987 1022 certe
1020 981 1192 1037 quidem
1218 998 1342 1037 saepe
1369 981 1543 1037 exponit
1562 982 1669 1022 lbno

242 1052 377 1095 Gabar
406 1055 448 1096 in
477 1058 598 1099 Scala
629 1076 789 1112 magna,
822 1076 946 1115 quam
981 1059 1113 1100 edidit
1145 1059 1384 1100 Kirclierus.
1446 1062 1565 1109 Sunt,
1599 1059 1670 1116 qui

241 1137 469 1182 deriventa
499 1145 625 1197 U-ffla
669 1144 714 1184 id
755 1155 837 1195 est,
875 1142 964 1186 Sol.
1025 1145 1092 1184 Ad
1134 1160 1239 1201 quos
1281 1142 1455 1183 minime
1499 1143 1671 1199 quidem

240 1231 412 1271 possum
445 1222 666 1263 accedere:
692 1214 827 1277 ΐΩρος
861 1224 972 1262 enim
989 1222 1150 1262 sactum
1184 1234 1244 1262 cst
1271 1238 1317 1261 ex
1345 1221 1559 1278 Aegyptio
1597 1222 1672 1272 Or,

242 1293 310 1334 cui
340 1311 362 1335 a
394 1297 567 1340 Graecis
598 1299 738 1340 addita
769 1299 1013 1341 terminatio
1050 1311 1124 1342 est.
1187 1299 1251 1341 Or
1286 1315 1442 1339 nomen
1486 1299 1567 1339 suit
1597 1315 1671 1355 pa-

241 1372 346 1412 stori
378 1374 545 1417 cuidam
584 1378 821 1436 Aegyptio,
863 1378 1068 1430 Telegoni
1101 1377 1231 1434 patri,
1273 1376 1344 1433 qui
1386 1377 1590 1432 septimus
1622 1379 1672 1418 ab

242 1447 400 1491 Inacho
432 1454 615 1511 Aegypti
647 1472 821 1507 regnum
851 1456 1001 1496 tenuit.
1070 1453 1206 1511 Hujus
1237 1453 1433 1494 meminit
1464 1454 1675 1513 Hierony-

241 1541 335 1567 mus
365 1527 406 1568 in
449 1530 652 1573 Chronici
691 1532 919 1574 Eusebiani
962 1532 1072 1572 libro
1112 1531 1374 1587 posteriore,
1422 1542 1462 1571 et
1501 1532 1673 1574 alterius

243 1603 307 1645 Or
336 1605 379 1646 in
411 1623 475 1664 ep.
508 1610 559 1650 ad
595 1609 917 1666 Ctesiphontem
949 1610 1145 1650 adversus
1167 1609 1307 1660 Pelag.
1341 1626 1429 1664 cap.
1451 1609 1489 1651 2.
1536 1614 1672 1668 Aegy-

240 1682 430 1737 ptiorum
453 1688 664 1728 Abbatum
697 1689 880 1728 duorum
913 1687 1040 1727 vitam
1072 1686 1240 1743 scripsit
1258 1686 1472 1727 Palladius
1503 1687 1544 1727 in
1566 1689 1674 1728 Lau-

240 1759 374 1815 siacis‚
406 1781 587 1821 quorum
621 1751 741 1807 alteri
773 1766 837 1808 Or
864 1781 1022 1805 nomen
1053 1764 1147 1814 suit,
1176 1763 1298 1804 alteri
1328 1764 1455 1815 Pior,
1485 1766 1671 1820 praefixo

240 1836 443 1881 nimirum
485 1844 693 1901 Aegyptio
736 1843 916 1884 articulo
960 1843 1208 1884 masculino.
1287 1842 1407 1882 Idem
1447 1842 1531 1882 alio
1574 1843 1672 1882 loco

240 1916 434 1958 meminit
465 1920 635 1972 virginis
676 1922 812 1971 Taor,
852 1919 1015 1961 nomini
1058 1919 1122 1961 Or
1159 1918 1347 1973 praefixo
1387 1918 1536 1958 itidem
1573 1920 1673 1959 arii-

242 1993 339 2033 culo
379 1996 587 2039 feminino
637 1998 864 2055 Aegyptio.
941 1997 1004 2038 Or
1052 1995 1278 2048 genuinum
1320 2006 1382 2035 est
1420 1994 1504 2035 Dei
1550 1995 1671 2054 liujus

240 2071 489 2129 Aegyptiaci
521 2091 690 2126 nomen,
722 2077 835 2115 unde
857 2067 994 2131 Ὦρος
1025 2072 1248 2121 Graecum,
1280 2072 1441 2130 adjecta
1474 2074 1672 2114 termina-

240 2147 371 2191 tione.
434 2151 809 2205 Quemadmodum
841 2163 980 2191 autem
1013 2149 1054 2189 in
1086 2150 1293 2189 honorem
1325 2149 1409 2190 Dei
1440 2150 1554 2191 illius
1584 2168 1670 2192 non

240 2242 348 2268 unus
393 2230 680 2286 appellatione
727 2228 984 2270 Graecanica
1021 2219 1157 2282 ΐΩρος
1202 2227 1338 2267 dicius
1379 2228 1481 2280 suit3
1529 2229 1584 2269 ita
1632 2242 1671 2270 ct

245 2308 549 2363 Aegyptiacum
574 2304 661 2364 ’Ὼρ
707 2305 832 2347 multi
870 2305 913 2345 in
950 2320 1106 2344 nomen
1149 2304 1400 2346 asciverunt.
1474 2305 1605 2359 Quod
1636 2307 1669 2346 si

242 2381 335 2436 quis
368 2399 465 2436 ergo
496 2385 552 2426 ita
585 2385 720 2426 dictus
752 2383 998 2440 reperiatur,
1029 2398 1113 2421 non
1146 2398 1223 2437 per
1247 2384 1570 2438 metaplasmum
1590 2401 1668 2439 pro

233 2450 369 2517 Ὦρος
398 2461 456 2501 ita
483 2474 657 2519 putetur
685 2473 973 2517 nuncupatus,
1013 2471 1060 2499 ut
1101 2458 1311 2515 conjectat
1342 2460 1554 2514 Scaliger3
1593 2462 1666 2501 sed

232 2529 369 2593 ῗΩρορῑ
409 2556 430 2580 e
471 2540 684 2581 contrario
727 2556 748 2579 a
787 2536 1039 2595 primigenio
1071 2533 1156 2592 ’Ώρ
1196 2537 1370 2577 inducta
1411 2537 1668 2578 Graecanica

239 2615 379 2656 forma
419 2618 631 2658 detortum
673 2616 945 2657 existimetur.
1005 2611 1090 2669 ’Ώρ
1139 2626 1277 2654 autem
1318 2631 1472 2669 purum
1515 2626 1665 2669 putum

238 2698 467 2741 Ebraicum
512 2715 574 2743 est
602 2690 715 2752 Ἶῆὲῖ,
757 2702 870 2757 quod
918 2700 1057 2739 lucem
1099 2698 1328 2750 significat,
1373 2711 1414 2739 et
1450 2717 1529 2754 pro
1572 2700 1664 2755 ipso

243 2778 370 2819 etiam
402 2780 505 2820 Sole
543 2792 769 2836 usurpatur
806 2779 905 2819 Job.
937 2777 1094 2818 XXXI.
1126 2776 1220 2826 26„
1252 2793 1331 2816 nec
1359 2793 1445 2816 non
1478 2789 1538 2817 cst
1567 2779 1664 2818 Job.

242 2856 446 2907 XXXVI,
476 2857 543 2901 30.
577 2869 618 2898 ct
648 2856 771 2899 Jesai.
804 2857 855 2906 V,
887 2854 980 2903 3Ο.,
1020 2853 1130 2911 juxta
1163 2854 1429 2909 quorundam
1461 2853 1665 2909 interpre-
