1759 3125
230 132 286 176 20
651 129 791 171 Pmm
822 128 1039 171 DANIELIS
1071 128 1234 170 Hussrn

233 245 371 287 sciunt
412 255 515 298 quot
553 243 718 283 saccula
774 242 981 300 ejusmodi
1021 242 1201 284 Codices
1251 242 1440 283 durando
1489 242 1655 285 vincere

234 321 350 362 soliti
388 319 483 361 sint.
553 319 852 378 Symmachum
903 335 1000 370 crgo
1051 319 1160 360 liber
1199 319 1276 360 iste
1315 332 1531 362 auctorem
1570 338 1655 362 non

234 398 393 441 habuit.
466 395 588 449 Quos
627 407 767 436 autem
819 412 841 436 a
880 396 1049 436 Juliana
1089 396 1329 453 Symmachi
1368 398 1500 439 libros
1540 416 1658 440 accc-

233 475 346 533 pissc
379 473 607 525 Origenem
648 473 793 528 prodit
832 471 1062 522 Eusebius,
1102 473 1152 512 ab
1192 473 1284 528 ipso
1323 475 1494 515 suerunt
1533 476 1657 528 Sym-

235 552 385 594 macho
443 550 659 591 elaborati.
739 550 806 590 Ad
853 549 955 589 hacc
1005 548 1086 589 suit
1125 550 1331 606 στιχηρός
1375 552 1448 591 ille
1498 552 1655 602 CodeX,

236 647 362 687 quem
394 629 500 669 vidit
528 627 763 668 Palladius:
797 638 837 667 at
866 643 1002 682 neque
1034 626 1280 681 Symmachi
1305 628 1656 679 Commentarios,

233 725 372 765 neque
407 708 445 763 ¹)
497 705 740 760 Scripturae
787 703 1208 759 InterpretatIODem‚
1265 709 1482 762 στιχηρῶς
1527 706 1656 747 {uisse

233 787 387 842 scripta
420 784 615 839 cuiquam
644 782 753 820 bene
786 797 885 820 sano
910 781 1245 836 persuadebitur.
1295 782 1416 822 Alius
1448 798 1545 835 ergo
1577 783 1657 823 fuit

233 865 307 905 ille
337 861 531 904 Palladio
565 870 921 900 commemoratus
952 857 1073 909 liber,
1104 859 1175 899 alii
1205 859 1406 900 Eusebio.
1462 860 1550 900 Nec
1581 859 1659 899 mi-

235 959 328 983 rum
369 955 466 980 sane
505 949 707 992 utrosque
749 952 771 975 a
810 935 980 976 Juliana
1019 935 1228 991 accepisse
1272 936 1522 989 Origenem,
1563 953 1657 977 cum

234 1017 461 1060 verisimile
501 1015 554 1056 sit
591 1013 827 1054 universam
867 1012 1109 1070 Symmachi
1149 1013 1452 1053 bibliothecam
1492 1014 1543 1054 ad
1582 1014 1655 1054 Ju-

234 1097 388 1137 lianam
435 1090 716 1134 haereditario
763 1089 853 1147 jure
899 1090 1160 1145 pervenisse,
1212 1089 1326 1147 cujus
1376 1090 1464 1146 ipsa
1503 1090 1655 1132 deinde

195 1165 199 1168 Ι
236 1172 411 1226 Origeni
451 1170 617 1226 copiam
658 1166 817 1209 fecerit.
876 1167 987 1208 Hinc
1018 1184 1115 1220 ergo
1149 1168 1300 1208 frustra
1332 1167 1549 1209 concludit
1577 1168 1658 1209 Ba-

232 1251 378 1292 ronius
409 1245 651 1306 Symmachi
681 1244 1075 1300 interpretationem
1115 1257 1155 1286 et
1188 1245 1527 1286 Commentarios
1557 1258 1657 1287 tunc

234 1330 286 1369 ab
318 1327 500 1380 Origene
531 1324 658 1365 fuisse
689 1322 904 1371 inventos,
945 1339 1038 1362 cum
1070 1321 1297 1377 imperium
1337 1333 1500 1364 teneret
1529 1324 1657 1365 Seve-

232 1422 323 1456 rus,
363 1416 405 1445 et
435 1401 655 1444 ecclesiam
687 1400 795 1440 male
825 1399 1020 1449 haberet,
1050 1410 1277 1455 propterea
1309 1401 1424 1455 quod
1453 1400 1536 1457 jam
1566 1413 1658 1442 tum

232 1482 277 1523 in
309 1479 526 1533 Origenis‚
567 1478 842 1533 omniumque
874 1478 980 1517 adeo
1010 1493 1156 1517 manus
1187 1489 1406 1527 venerant,
1439 1495 1534 1519 cum
1565 1480 1658 1520 Ma-

231 1558 437 1608 siminus,
484 1567 554 1597 aut
583 1554 742 1597 Decius
775 1553 1052 1596 Christianam
1090 1553 1398 1608 rempublicam
1440 1571 1657 1611 oppugna-

232 1647 342 1678 runt.
405 1636 467 1675 Ac
483 1634 524 1690 ²)
566 1633 599 1674 si
638 1632 730 1673 fieri
760 1647 846 1672 non
877 1629 1088 1686 potuerit,
1127 1642 1175 1670 ut
1205 1631 1393 1686 quamvis
1424 1631 1507 1688 jam
1535 1632 1657 1672 inno-

230 1713 407 1755 tuissent
436 1711 581 1752 multis
612 1710 688 1750 hae
720 1708 1036 1756 lucubrationes
1061 1708 1315 1765 Symmachi,
1345 1708 1487 1764 ipsum
1516 1720 1657 1749 tamen

233 1791 462 1844 Origenem
492 1788 582 1830 aliis
615 1787 852 1829 districtum
882 1787 1006 1826 rebus
1046 1785 1284 1838 effugerint.
1342 1786 1535 1827 Eandem
1568 1785 1654 1843 ejus

234 1867 515 1908 latitationem
544 1877 683 1906 narrat
712 1863 920 1905 Eusebius
952 1862 1025 1903 lib.
1045 1864 1118 1904 VI.
1153 1880 1240 1918 cap.
1258 1862 1311 1914 3.,
1341 1862 1566 1920 ipsumque
1597 1863 1654 1904 ait

352 2069 390 2124 ¹)
423 2067 664 2109 Bernardus
704 2066 754 2105 de
794 2065 1076 2106 Montfaucon
1116 2063 1158 2105 in
1201 2064 1574 2107 praeliminarihus
1611 2066 1654 2107 in

231 2127 421 2182 Hexapla
451 2123 659 2176 Origenis,
688 2133 835 2162 monet
865 2122 906 2161 in
937 2122 1020 2161 fine
1046 2122 1225 2162 Catenae
1257 2122 1300 2162 in
1318 2123 1402 2163 Job
1434 2123 1474 2163 in
1503 2123 1654 2175 Anglia

233 2183 391 2233 editae,
429 2181 577 2222 haberi
614 2190 754 2219 totum
795 2178 950 2218 librum
988 2179 1072 2218 Job
1113 2182 1330 2236 (τυχηρῶς
1365 2180 1570 2235 scriptum
1600 2181 1653 2220 ad

229 2241 358 2280 fidem
391 2237 541 2279 veteris
571 2234 785 2291 cujusdam
817 2234 999 2276 Codicis.
1032 2234 1082 2275 R.

347 2310 391 2365 ²)
432 2306 681 2351 Verisimile
723 2318 814 2346 non
855 2303 1060 2355 videtur,
1099 2304 1238 2360 inquit
1276 2305 1577 2346 Tillemontius
1607 2305 1650 2346 in

230 2380 346 2433 Orig.
377 2390 466 2420 not.
497 2377 562 2427 9.,
596 2376 843 2431 Origenem
872 2373 1137 2429 Symmachi
1162 2377 1414 2416 versionem
1443 2375 1508 2418 60.
1539 2383 1652 2417 ante

230 2462 377 2491 annos
413 2446 708 2490 elaboratam
757 2453 855 2487 tam
898 2457 1012 2495 sero,
1052 2443 1104 2486 id
1138 2452 1228 2499 est,
1281 2457 1403 2486 anno
1432 2444 1528 2488 235.
1566 2443 1648 2486 suh

227 2520 482 2563 Maximini
522 2519 709 2573 imperio
752 2521 942 2556 nactum
991 2528 1105 2556 esse:
1145 2521 1383 2570 potestque
1423 2514 1651 2558 commode

227 2590 451 2634 Eusebius
487 2587 692 2642 intelligi
719 2593 803 2627 aut
833 2583 888 2625 de
917 2586 1010 2641 ipso
1040 2584 1307 2640 Symmachi
1335 2583 1648 2640 autographo,

229 2686 281 2694 —-
313 2673 423 2702 nam
453 2672 515 2702 ex
542 2660 635 2715 ipso
655 2654 926 2713 Symmacho
958 2653 1075 2697 illud
1092 2655 1286 2698 Juliana
1320 2661 1565 2710 aceeperat
1581 2680 1648 2707 —‚

229 2739 313 2774 aut
351 2729 406 2773 de
445 2728 782 2772 Commentario
820 2724 1015 2782 quodam
1055 2724 1321 2781 Symmachi
1356 2727 1405 2766 in
1444 2723 1651 2781 Scripta-

225 2815 348 2854 ram,
379 2814 469 2843 non
509 2797 564 2842 de
601 2801 698 2856 ejus
734 2799 949 2839 versione.
1024 2796 1133 2839 Vide
1173 2813 1278 2853 quac
1323 2794 1501 2836 dicimus
1541 2795 1648 2836 infra

227 2873 299 2914 lib.
320 2873 392 2915 ΙΙΙ.
425 2888 516 2927 cap.
546 2870 584 2914 4.
614 2886 728 2913 num.
761 2869 801 2914 2.
831 2869 881 2910 R.
