1759 3125
596 123 834 164 Excuasus
866 123 984 163 VIII.
1432 123 1515 168 417

86 236 304 291 indignum
334 238 431 278 Deo
464 250 551 276 esse
583 234 687 276 dicit
715 235 885 286 fugere,
927 247 969 275 et
1001 235 1116 290 capi,
1158 247 1199 276 et
1239 252 1260 276 a
1293 236 1514 292 discipulis

85 316 235 371 prodi3
266 314 353 355 sive
386 330 482 353 cum
514 311 728 353 Christum
756 311 968 366 vituperat
998 328 1113 353 num.
1146 312 1227 361 24„
1260 314 1376 368 quod
1409 314 1510 354 cali-

87 409 178 433 cem
209 392 455 446 deprecatus
497 388 570 440 sit3
610 388 697 428 sive
742 404 836 428 cum
880 387 1137 428 Christianos
1180 390 1357 441 exagitat
1395 406 1510 433 num.

85 471 167 519 312⁴,
207 468 322 524 quod
363 468 550 508 Verbum
588 466 673 507 Dei
712 465 872 507 Filium
911 464 1099 520 polliciti
1140 466 1359 507 hominem
1397 468 1512 523 turpi

84 541 297 601 supplicio
330 545 530 585 affectum
565 544 836 584 obtrudantf‘

197 623 348 673 „Adeo
390 621 653 676 exploratum
703 632 791 660 erat
832 619 1007 672 Origeni
1047 621 1098 660 (le
1148 622 1307 661 duabus
1355 621 1511 663 Christi

84 699 255 748 naturis,
287 709 331 738 ut
364 698 547 738 divinam
578 714 664 737 non
695 698 832 737 minus
867 708 982 736 certo
1008 713 1132 751 quam
1156 698 1379 745 humanam
1400 700 1512 740 Scri-

85 775 218 831 pturis
250 774 419 814 decerni
452 773 670 816 existimet.
731 774 802 815 Sic
844 773 955 814 enim
989 773 1176 814 occurrit
1207 774 1277 816 lib.
1311 776 1364 816 Il.
1396 792 1510 819 num.

82 852 186 895 33..Υ
205 852 390 900 .Judae0‚
422 850 508 891 sive
541 852 666 893 Celso
700 851 749 892 iis
780 851 984 902 abutenti,
1016 868 1122 907 quae
1145 851 1369 893 humanam
1393 853 1514 894 Chri-

85 927 137 969 sti
167 940 359 968 naturam
392 929 705 979 demonstrant,
736 928 786 968 iis
818 941 981 980 autem,
1022 946 1127 985 quae
1169 928 1378 982 divinam,
1422 947 1509 971 non

83 1001 293 1047 credentis:
323 1004 452 1049 Ἀλλὰ
474 1005 554 1049 ἐὰν
569 1005 756 1065 πιστεύῃ
772 1008 858 1062 μὲν
876 1012 967 1055 τοῖς
984 1007 1263 1062 εὐαγγελίοις
1282 1005 1304 1050 ὁ
1327 1010 1511 1060 Κέλσος,

83 1080 203 1125 ὅπου
220 1089 487 1141 κατηγορεῖν
508 1087 582 1125 καὶ
606 1086 894 1140 Χριστιανῶν
913 1087 1065 1138 οἴεται,
1088 1083 1249 1142 ἀπιστῇ
1263 1085 1311 1126 δὲ
1327 1084 1401 1127 ἐπὶ
1420 1088 1510 1129 τῶν

84 1159 393 1203 συνιστάντων
421 1157 504 1213 τήν
538 1160 587 1201 ἐν
614 1158 757 1212 Ἰησοῦ
792 1158 1016 1214 stadium,
1051 1159 1265 1217 φήσομεν
1295 1160 1441 1217 αὐτῷ·
1473 1150 1509 1206 ὦ

83 1229 236 1292 οὗτος,
278 1235 306 1292 ἢ
339 1241 482 1280 πᾶσιν
511 1236 712 1291 ἀπίστει,
765 1241 842 1279 καὶ
877 1239 992 1293 μηδὲ
1039 1239 1249 1293 ἐγκαλεῖν
1277 1236 1452 1292 νόμιζε·
1483 1237 1510 1295 ἢ

81 1312 309 1358 πιστεύων
328 1317 439 1356 πᾶσι
460 1311 665 1369 θαύμαζε
683 1317 791 1357 θεοῦ
814 1312 955 1370 λόγον
972 1313 1406 1371 ἕνανθρωπὴσαντα,
1431 1321 1507 1359 καὶ

82 1391 194 1436 ὅλον
222 1388 271 1434 τὸ
302 1393 393 1433 τῶν
424 1389 683 1447 ἀνθρώπων
703 1395 834 1446 γένος
861 1391 1094 1447 ὠφελῆσαι
1125 1388 1458 1446 βουληθένταέό

194 1469 339 1520 „Haec
380 1464 563 1522 duplicis
600 1479 773 1508 naturae
806 1469 1043 1520 distinctio,
1091 1486 1195 1525 quae
1227 1481 1324 1525 post
1356 1470 1506 1523 Orige-

81 1562 178 1587 nem
208 1554 360 1598 magno
390 1544 484 1585 usui
514 1544 595 1585 fuit
626 1543 670 1585 in
700 1546 946 1586 refellendis
977 1546 1155 1597 Arianis,
1187 1547 1286 1587 satis
1316 1546 1391 1588 illa
1415 1548 1505 1604 qui-

82 1622 363 1678 demineptis
393 1622 570 1672 Judaei‚
610 1622 696 1663 sive
738 1624 851 1665 Celsi
894 1623 1232 1665 cavillationibus
1264 1624 1390 1666 facit:
1430 1627 1503 1666 sed

82 1715 223 1742 tamen
263 1698 555 1740 difficultatem
599 1717 646 1740 ex
686 1701 973 1752 magnitudine
1014 1698 1201 1760 mysterii
1242 1713 1377 1742 ortam
1417 1720 1502 1743 non

82 1779 224 1828 tollit,
277 1794 351 1817 cur
380 1777 497 1817 Deus
537 1777 767 1817 humanum
808 1795 962 1834 corpus
1000 1779 1264 1828 assumserit,
1309 1780 1502 1835 illudque

83 1854 226 1896 dolori
257 1866 299 1895 et
328 1853 585 1906 ignominiae
617 1853 847 1910 objec‹·rit.-
902 1857 949 1896 In
987 1872 1032 1896 re
1076 1868 1160 1896 tam
1200 1858 1386 1898 abstrusa
1426 1860 1500 1898 ob—

84 1931 281 1972 mutescit
313 1931 543 1971 secundum
577 1931 771 1982 Origenis
812 1931 1046 1984 ingenium:
1084 1933 1190 1973 nihil
1229 1935 1382 1975 afferre
1422 1952 1500 1992 po—

81 2019 290 2064 test,'quo
321 2007 603 2060 intelligamus
632 2008 715 2048 hoc
745 2009 1012 2066 mysterium:
1045 2012 1175 2051 multa
1206 2012 1385 2066 profert,
1415 2029 1500 2068 quo

81 2086 300 2127 credamus
331 2085 641 2140 praedictiones
672 2086 989 2140 prophetarum,
1022 2087 1175 2128 Christi
1197 2088 1410 2140 miracula,
1439 2090 1502 2130 in-

80 2162 233 2218 primis·
259 2162 390 2203 totius
422 2163 534 2203 orbis
567 2164 618 2203 ad
649 2164 790 2202 Deum
823 2165 1155 2206 conversionem.
1214 2167 1380 2207 Jud=ae0
1411 2184 1500 2207 ma*-

80 2238 191 2295 jores
222 2254 320 2278 suos
349 2240 719 2294 excusanti,2qu0d
744 2240 956 2281 Christum
987 2257 1065 2296 pro
1088 2243 1184 2283 Deo
1215 2259 1300 2283 non
1335 2244 1499 2284 habuis—

81 2327 187 2364 sent,
215 2317 446 2370 respondet
475 2317 580 2356 nihil
612 2333 683 2357 eos
714 2317 866 2357 habere
886 2319 1176 2369 excusationis,
1209 2321 1369 2376 quippe
1401 2338 1495 2362 cum

82 2408 229 2432 eorum
260 2393 494 2448 prophetae
525 2394 813 2434 testimonium
845 2395 883 2434 ei
924 2395 1136 2436 dederint:
1185 2396 1500 2455 ‘E212ct2013ptfi'

84 2462 180 2524 οὖν,
212 2469 350 2525 inquit
380 2470 453 2515 lib,
485 2471 538 2512 11.
568 2486 682 2519 num.
714 2471 776 2522 9.‚
812 2471 1047 2521 Ἰουδαίοις
1077 2476 1238 2517 τοῦτον
1267 2475 1330 2531 μὴ
1363 2483 1499 2534 νομῇ

82 2563 188 2590 σασι
217 2546 351 2602 θεὸν,
394 2546 484 2590 ὑπὸ
525 2551 614 2591 ’τῶν
644 2545 904 2606 ,προφητῶν
943 2553 1174 2606 πολλαχοῦ
1206 2569 1497 2613 μεμαρτυρη-

80 2625 224 2680 μένον
251 2622 311 2673 ὠς
339 2622 546 2682 μεγάλην
578 2620 686 2668 ὅντα
717 2624 930 2682 δύναμιν,
964 2631 1038 2669 καὶ
1071 2627 1196 2672 θεόν.
1253 2630 1368 2671 Haec
1400 2648 1500 2686 pro-

83 2701 303 2756 phetarum
343 2703 511 2742 oracula
551 2702 648 2742 satis
689 2703 922 2756 argumenti
964 2721 1050 2745 esse
1089 2719 1230 2747 censet
1269 2723 1382 2747 num.
1415 2707 1498 2757 37..

84 2792 158 2817 cur
190 2795 474 2834 eumaequus
504 2796 643 2820 rerum
675 2781 918 2822 aestimator
958 2783 1240 2824 et-Cln-istnm
1270 2796 1313 2824 et·
1341 2784 1497 2824 Filium

83 2853 166 2894 Dei
208 2852 302 2896 esse
344 2857 630 2907 assentiatur.“
1234 2898 1237 2901 .

140 2932 360 2975 Omenms
386 2933 558 2977 OPERA.
592 2935 711 2976 Tom,
745 2936 881 2977 XXII.
1204 2940 1257 2982 27
