1759 3125
445 139 835 180 ORIGENJANORUM
865 137 1005 177 mez
1035 137 1067 177 I.
1408 136 1463 179 25

55 253 134 294 suit
164 253 273 292 inter
303 251 494 293 Gentiles
525 250 819 306 philosophos,
853 259 894 288 et
922 246 1179 288 Christianos
1209 246 1466 287 admirabili-

54 342 126 379 tas,
156 340 202 369 ut
231 329 282 368 ad
315 327 400 384 ejus
434 327 714 368 imitationem
747 337 860 366 totos
891 341 934 365 se
967 336 1285 379 componerent,
1316 324 1466 379 ipsius-

56 423 137 462 que
179 405 542 446 adhortationibus
580 403 738 444 incensi
779 403 963 458 palmam
1002 401 1191 459 martyrii
1235 417 1468 456 conseque-

52 495 206 524 rentur.
267 483 375 522 Hinc
409 481 473 521 illi
502 481 728 531 Plutarchi,
749 483 787 534 ¹)
818 478 1087 527 Heraclides,
1120 479 1288 526 Sereni,
1319 478 1469 518 Herai-

53 561 138 610 des,
170 571 212 600 et
241 560 447 607 Herones,
480 574 662 613 quorum
693 567 831 596 morte
863 555 1094 597 Christiana
1124 571 1189 596 res
1222 555 1339 595 valde.
1370 555 1469 595 illu-

51 648 174 678 strata
206 648 278 678 est.

163 714 281 754 XIII.
339 712 558 767 lutere-³²)
599 711 699 751 dum
740 711 841 751 haec
880 721 1102 762 geruntur,
1155 725 1308 764 corpus
1347 725 1471 750 suum

57 790 213 831 evirare
247 789 452 842 Origenes
483 805 603 828 ausus
636 800 711 836 est,
742 787 829 829 sive
860 789 973 827 ferro
1007 786 1179 827 exsectis
1208 785 1471 839 genitalibus,

55 879 102 908 ut
135 867 401 907 crediderunt
430 866 786 924 Hieron)·mus‚³)
820 876 861 905 et
890 863 1236 920 Nicephorus34)
1268 862 1355 903 sive
1385 879 1474 902 me-

58 945 294 985 dicamento
336 943 572 993 exsiccatis,
622 954 669 983 ut
707 941 800 982 aliis
838 958 1083 997 persuasum
1116 952 1198 981 est:
1239 957 1330 981 rem
1361 940 1474 980 enim

57 1021 318 1078 Epiphanius
348 1021 516 1060 Haeres.
536 1019 603 1062 64.
637 1035 727 1074 cap.
752 1018 790 1062 3.
822 1019 864 1059 in
891 1018 1053 1059 incerto
1080 1017 1265 1073 reliquit.
1314 1017 1476 1071 Quam-

60 1100 240 1155 quam5)
274 1097 542 1138 verisimilius
582 1108 642 1137 est
681 1095 960 1137 medicamine
1000 1095 1202 1151 imposito
1236 1094 1474 1135 exstinxisse

58 1176 281 1230 genitalem
310 1176 409 1226 vim,
440 1191 562 1230 quam
582 1174 723 1226 gladio
746 1174 927 1214 verenda
953 1184 1211 1228 amputasse:
1240 1188 1327 1212 non
1361 1172 1478 1227 quod

62 1254 308 1303 existimem,
337 1253 382 1293 id
409 1254 443 1293 si
471 1252 653 1303 fecisset,
685 1251 923 1292 laevitatem
955 1249 1038 1290 oris
1068 1249 1334 1305 prodituram
1350 1249 1478 1289 fuisse

62 1332 241 1381 factum,
281 1331 397 1386 quod
434 1346 596 1370 summa
637 1345 735 1370 cura
766 1329 982 1369 occultum
1012 1328 1166 1368 habere
1198 1325 1360 1377 voluit3
1392 1342 1481 1365 cer-

62 1420 148 1449 tum
182 1419 242 1448 est
273 1406 385 1448 enirn
413 1409 584 1448 barbam
618 1410 656 1448 ei
689 1423 774 1447 non
806 1407 1012 1456 defluere,
1050 1405 1085 1446 si
1124 1402 1214 1459 quis
1244 1401 1328 1459 jam
1360 1401 1483 1442 vesti-

66 1501 162 1541 ceps
193 1496 263 1526 aut
291 1486 487 1525 barbatus
517 1483 799 1525 exsectionem
828 1483 1032 1538 patiatur:
1071 1481 1146 1521 sed
1177 1490 1356 1534 propter
1384 1479 1484 1518 bor-

67 1578 206 1602 rorem
238 1561 361 1613 faeti3
397 1578 492 1602 nam
534 1561 625 1615 quis
665 1561 722 1600 ita
753 1560 795 1600 in
834 1576 876 1600 se
908 1558 1083 1599 saevisse
1114 1567 1235 1613 putet
1265 1554 1483 1596 hominem

69 1655 154 1679 non
186 1638 397 1687 insanum,
431 1654 526 1678 cum
556 1637 827 1677 mollioribus
857 1636 920 1676 uti
950 1646 1093 1691 posset
1122 1632 1341 1681 remediis,
1370 1633 1483 1672 unde

69 1716 183 1756 idem
214 1715 486 1755 commodum
519 1713 742 1769 capiebat?
800 1713 924 1755 Certe
962 1712 995 1753 si
1034 1711 1133 1767 quid
1172 1710 1351 1766 amplius
1384 1727 1485 1750 con-

71 1793 255 1849 iecturae
288 1792 559 1832 tribuendum
591 1803 665 1841 cst,
697 1790 875 1831 cicutam
906 1788 1154 1842 genitalibus
1184 1788 1364 1828 illevisse
1397 1804 1486 1828 cre-

74 1869 276 1919 diderim,
318 1886 441 1925 quam
479 1868 752 1910 Athenienses
792 1867 1084 1923 hierophantas
1123 1866 1176 1906 ad
1217 1881 1489 1920 compescen-

74 1948 169 1988 dam
186 1946 404 1987 libidinem
436 1947 633 1987 adhibere
663 1944 814 1985 solitos
843 1944 932 1999 ipse
949 1941 1143 1999 prodidit
1165 1942 1260 1982 libr.
1282 1942 1321 1984 7.
1354 1953 1488 1983 contr.

77 2024 186 2067 Cels.
216 2041 331 2070 num,
366 2023 433 2067 48.
491 2027 582 2067 Καὶ
613 2018 674 2071 εἷς
702 2025 790 2078 μέν
819 2038 925 2075 που,
958 2020 1109 2076 inquit,
1140 2019 1242 2077 παρ’
1272 2019 1491 2074 Ἀθηναί-

79 2118 142 2151 οις
170 2099 455 2160 ἱεροφάντης,
488 2099 594 2145 οὐδὲ
624 2102 980 2155 πεπιστευμένος
1011 2099 1172 2141 ἑαυτοῦ
1206 2096 1280 2146 τὰς
1310 2096 1494 2154 ἀρσενι-

79 2180 160 2228 κὰς
199 2181 382 2238 ὀρέξεις,
430 2178 489 2229 ώς
536 2177 689 2237 κύριος
736 2177 885 2220 αὐτῶν
937 2173 1053 2220 εἶναι
1093 2173 1372 2229 δυνάμενος,
1419 2178 1496 2217 καὶ

82 2265 261 2317 κρατεῖν
291 2259 437 2301 αὐτῶν
467 2261 527 2306 εἰς
557 2255 668 2300 ὅσον
695 2254 917 2311 βούλεται,
949 2257 1242 2302 mumma-ezr,-
1273 2254 1326 2295 τὰ
1359 2252 1496 2310 ἀρσε-

206 2485 245 2540 Ι)
276 2484 361 2525 Cfr.
390 2483 545 2523 Euseb.
576 2480 684 2522 Hist.
716 2480 864 2520 eccles.
897 2479 968 2520 lib.
1002 2480 1072 2521 VI.
1107 2495 1195 2534 cap.
1224 2479 1260 2520 4.

203 2556 247 2610 ²)
280 2554 366 2597 Cfr.
398 2553 551 2594 Euseb.
583 2551 692 2593 Hist.
727 2551 875 2592 eccles.
908 2550 981 2593 lib.
1013 2551 1084 2592 Vl.
1118 2566 1207 2605 cap.
1237 2549 1277 2592 8.

207 2625 249 2679 3)
282 2624 367 2664 Cfr.
399 2624 645 2680 Hieronym.
679 2621 829 2677 ep.65.

209 2694 251 2750 ⁴)
283 2695 368 2736 Cfr.
398 2694 625 2749 Nicephor.
659 2693 728 2734 lib.
762 2693 812 2733 V.
845 2708 934 2746 cap.
965 2690 1004 2733 8.

212 2764 254 2818 5)
285 2763 392 2804 Mihi
422 2780 539 2804 secus
569 2764 736 2804 videtur
758 2764 812 2803 ob
832 2760 1006 2802 Eusebii
1036 2759 1264 2807 silentium,
1294 2757 1364 2812 qui
1397 2770 1506 2798 cci-te

102 2818 387 2861 medicaminis
415 2837 551 2868 usum,
579 2819 613 2860 si
643 2835 788 2859 revera
820 2818 1031 2858 adhibitus
1064 2818 1114 2856 ab
1134 2816 1318 2866 Origene
1351 2813 1507 2867 suisset,

111 2887 490 2925 commemorasset,
521 2892 604 2931 quo
638 2876 793 2916 factum
824 2873 953 2926 magis
984 2882 1206 2914 excusaret.
1238 2871 1287 2910 R.
