1759 3125
489 88 876 129 ORIGENIANORUM
908 89 1050 128 mez
1080 88 1114 128 Ῐ.
1457 89 1511 131 47

99 200 503 250 Alexandrinorum,
548 201 945 256 praefectorumque
992 198 1148 238 acuisse
1203 198 1424 248 invidiam,
1472 213 1511 240 ct

96 276 334 333 potentium
375 275 617 317 inimicitias
655 293 734 332 pro
776 275 945 317 Christo
987 274 1260 331 appetivisse;
1300 287 1340 315 et
1379 277 1429 316 ab
1461 276 1510 316 iis

95 514 384 569 suscepissent,
414 512 685 568 praedicandi
725 529 875 552 munus
917 513 954 553 ei
997 513 1316 563 commisissent,
1348 514 1511 569 aliaque

95 570 319 610 sacerdotii
348 569 410 610 sui
441 569 583 609 munia
615 569 733 608 obire
765 569 1079 624 permisissent?
1108 570 1290 611 Fallitur
1319 571 1512 620 Huefius,

97 643 191 666 cum
223 627 278 666 ait
309 643 356 666 ex
388 625 627 680 Epiphanio
662 637 872 675 constare]
913 627 1124 666 dubitasse
1162 638 1323 667 tantum
1365 627 1511 678 Orige—

94 700 192 723 nem
222 683 510 723 idololatriam
540 698 593 721 ne
624 682 887 731 admitteret,
926 684 976 722 ad
1009 683 1168 723 facinus
1206 700 1293 723 non
1336 684 1508 723 omuino

94 739 346 794 pervenisse.
407 739 472 779 En
501 738 592 793 ipsa
620 738 849 793 Epiphanii
887 741 1036 780 verba:
1087 745 1191 782 Τῶν
1237 740 1513 796 ἀιιιφοῑέρων

97 800 411 852 προτεθέντων
443 795 561 850 αὐτῷ
602 792 910 850 πραγμάτων,
954 799 1092 838 θῦσαι
1132 799 1310 851 μᾶλλον
1348 797 1510 853 ἑλόμε-

99 869 185 900 νος.
250 853 312 896 Οὐ
344 851 438 907 μὴν
470 852 519 894 δὲ
551 851 733 906 ἑκουσίᾳ
764 852 924 911 γνώμῃ
963 856 1143 909 μᾶλλον
1185 857 1312 897 τοῦτο
1357 855 1511 897 ἐπετέ-

96 914 239 963 λεσεν,
274 908 330 956 ὠς
362 908 501 955 πολὺς
531 904 682 963 ᾄδεται
716 908 873 963 λόγος·
909 909 999 951 ἀλλ’
1034 910 1189 963 ἐπειδὴ
1223 909 1335 958 ὅλως
1354 917 1511 955 καθ-ω-

95 964 325 1023 μολὸγησε
356 969 487 1008 τοῦτο
523 967 706 1020 πρᾶξαι,
738 964 951 1020 βαλόντες
989 967 1064 1009 ἐπὶ
1099 973 1233 1024 χεῖρα
1274 968 1411 1011 αὐτοῦ
1442 971 1514 1010 λί-

96 1030 263 1079 βανον.
308 1026 368 1069 εἰς
407 1021 488 1073 τὴν
527 1024 604 1063 τοῦ
646 1025 806 1077 βωμοῦ
846 1021 998 1078 πυρὰν
1036 1028 1260 1077 καθῆκαν.
1335 1026 1384 1065 ld
1415 1041 1513 1077 ergo

95 1079 218 1120 unice
250 1078 351 1119 dicit
380 1078 655 1133 Epiphanius,
687 1078 896 1119 dubitasse
924 1080 1179 1131 nonnullos,
1211 1097 1261 1120 an
1290 1093 1516 1137 postquam

98 1136 301 1188 Origenes
331 1135 659 1175 sacrificaturum
689 1151 731 1175 se
765 1152 850 1175 esse
881 1152 1066 1176 assensus
1100 1148 1180 1187 est,
1212 1137 1392 1192 ipsemet
1422 1140 1515 1180 thus

98 1192 140 1232 in
169 1193 307 1244 ignem
337 1208 430 1232 arae
462 1191 709 1246 impositum
749 1191 952 1247 injecerit.
1021 1194 1087 1233 De
1127 1210 1291 1234 assensu
1332 1207 1515 1249 constat;

98 1249 213 1304 atqui
243 1249 459 1288 assensisse
490 1248 586 1288 satis
618 1260 704 1288 erat
733 1260 780 1288 ut
812 1248 1096 1303 poenitentiae
1136 1250 1307 1305 publice
1338 1252 1518 1307 subjice-

98 1317 224 1354 retur,
256 1322 301 1345 ac
332 1304 512 1360 proinde
542 1305 767 1345 sacerdotii
799 1305 997 1356 dignitate
1029 1308 1260 1356 excideret,
1293 1325 1387 1348 cum
1421 1310 1518 1352 Ori-

99 1378 221 1413 genes
251 1362 340 1416 ipse
372 1361 444 1401 lib.
477 1362 548 1402 Ill.
583 1373 727 1401 contra
759 1361 928 1402 Celsum
968 1379 1068 1402 num
1101 1365 1166 1405 51.
1208 1381 1299 1419 pag.
1332 1364 1413 1407 482
1447 1370 1517 1421 (ex

102 1421 165 1459 ed.
197 1419 269 1471 R.)
303 1418 425 1467 dicat,
461 1418 747 1472 poenitentiae
786 1418 981 1472 publicae
1022 1420 1227 1460 obnoxios
1270 1437 1315 1461 ea
1354 1433 1516 1464 tantum

102 1475 347 1515 conditione
378 1473 531 1529 recipi,
561 1486 628 1523 ut,
662 1474 861 1528 quoniam
893 1474 997 1529 lapsi
1029 1488 1137 1523 sunt,
1164 1477 1443 1522 *excludantur
1473 1481 1514 1521 in

101 1542 319 1586 posterum
353 1532 404 1570 ab
438 1531 631 1570 omnibus
663 1530 933 1581 dignitatibus
973 1542 1013 1570 et
1042 1531 1348 1582 magistratibus
1382 1537 1516 1577 eccle-

102 1587 286 1627 siasticis.
348 1586 479 1639 Quod
508 1586 541 1626 si
572 1586 739 1626 Bicetas
771 1586 886 1634 dicit,
919 1586 1146 1638 Origenem
1177 1588 1395 1631 immutata
1425 1609 1517 1633 sen-

102 1643 231 1683 tentia
262 1659 477 1682 revocasse
508 1642 786 1697 promissum,
829 1658 963 1697 eoque
1005 1655 1111 1684 stare
1143 1645 1405 1698 detrectasse,
1438 1661 1518 1690 sta-

102 1700 178 1739 tim
221 1698 338 1738 addit
381 1714 499 1745 eum,
550 1715 646 1738 cum
688 1710 926 1750 urgeretur,
974 1699 1016 1739 id
1068 1712 1208 1741 tamen
1251 1705 1518 1757 praestitisse.

103 1757 151 1796 V.
183 1755 314 1795 Tanta
345 1755 387 1794 in
419 1755 611 1806 Origenis
642 1755 806 1809 scriptis
836 1755 993 1810 ubique
1026 1757 1164 1798 elucet
1195 1758 1428 1811 humilitas,
1458 1774 1517 1812 ut,

101 1812 134 1852 si
163 1810 407 1865 hujusmodi
435 1811 580 1863 flagitii
609 1828 702 1851 reus
734 1811 891 1859 fuisset,
923 1823 1038 1852 certo
1070 1814 1268 1855 affirmari
1300 1829 1424 1871 queat
1453 1820 1520 1858 fu-

100 1880 241 1908 turum
272 1868 412 1917 fuisse,
442 1879 488 1907 ut
516 1884 728 1923 nunquam
763 1884 809 1907 ex
838 1867 952 1908 illius
973 1870 1178 1910 memoria
1196 1872 1416 1914 excidisset
1444 1874 1518 1915 ille

100 1923 256 1965 Psalmi
288 1924 427 1973 locus,
465 1924 508 1963 in
550 1941 674 1979 quem
715 1923 1022 1981 Hierosolymis
1053 1925 1246 1968 incidisse
1276 1929 1432 1980 fertur,
1478 1944 1521 1972 et

101 1980 181 2022 sibi
210 1992 418 2035 perpetuo
448 1980 729 2020 interdixisset
773 1992 812 2020 et
850 1981 1163 2035 praedicatione
1207 1996 1246 2024 et
1284 1986 1522 2042 Scriptura-

100 2054 196 2077 rum
232 2036 592 2092 interpretatione.
673 2037 798 2078 Certe
842 2037 885 2077 in
925 2053 996 2087 ea,
1034 2044 1166 2093 ‘quam
1209 2043 1438 2084 Ambrosio
1480 2057 1522 2086 et

102 2094 352 2134 Prototecto
383 2092 496 2133 misit
528 2094 634 2133 circa
665 2110 819 2133 annum
849 2093 959 2142 235„
999 2096 1289 2138 exhortatione
1328 2100 1379 2139 ad
1411 2117 1521 2142 mar-

103 2149 280 2206 tyrium,
325 2149 544 2204 pristinam
580 2149 848 2190 idololatriae
895 2167 991 2190 suae
1032 2153 1199 2207 culpam
1241 2155 1394 2197 deflere
1433 2175 1520 2198 non

107 2206 322 2247 omisisset.
391 2207 464 2249 VI.
501 2206 660 2246 Mirum
693 2223 813 2256 sane,
855 2206 1062 2263 ejusmodi
1103 2209 1264 2250 facinus
1300 2214 1371 2253 uni
1411 2214 1520 2255 inter

106 2273 267 2302 veteres
296 2273 446 2302 notum
476 2262 602 2303 fuisse
632 2263 886 2318 Epiphanio,
919 2265 991 2320 qui
1021 2265 1190 2306 aliunde
1220 2283 1299 2317 reS,
1332 2286 1436 2324 quae
1467 2273 1520 2312 ad

107 2317 299 2370 Origenis
331 2318 459 2367 vitam
489 2319 716 2374 pertinent,
747 2336 895 2375 parum
927 2321 1049 2362 scisse
1075 2321 1254 2363 videtur.
1303 2326 1520 2383 Nusquam

105 2374 299 2415 meminit
327 2375 622 2416 Demetrianae
654 2377 848 2417 adversus
881 2393 976 2417 eum
1006 2379 1325 2433 persecutionis,
1356 2400 1434 2424 nee
1452 2402 1520 2437 ge-

105 2431 241 2471 minae
272 2431 442 2488 synodi,
485 2449 657 2487 quarum
689 2433 818 2473 altera
850 2433 992 2474 exsilio
1024 2436 1189 2489 pulsus,
1230 2436 1358 2480 altera
1387 2457 1522 2482 sacer-

108 2487 226 2527 dotio
260 2499 299 2527 et
330 2487 503 2528 ecclesia
535 2489 615 2528 fuit
644 2489 880 2538 abdicatus,
931 2507 1181 2546 quamquam
1223 2492 1430 2550 ejusmodi
1461 2500 1521 2539 fa-

106 2554 170 2583 cta
199 2559 286 2584 sese
317 2555 468 2599 sponte
499 2546 738 2585 offerebant
765 2545 984 2587 inserenda
1015 2547 1138 2597 libro,
1175 2565 1259 2603 quo
1293 2551 1521 2605 Origenem

106 2609 302 2654 tanquam
334 2601 588 2641 haereticum
620 2603 837 2643 traducere
868 2603 948 2643 sihi
976 2617 1270 2658 proposuerat.
1323 2609 1417 2650 Vll.
1449 2611 1521 2651 Ait

111 2653 336 2706 Origenem
366 2669 464 2711 post
493 2674 613 2698 suum
644 2659 822 2713 lapsum,
854 2671 894 2699 et
925 2660 1177 2701 Alexandria
1208 2662 1447 2715 discessum,
1478 2667 1519 2707 iu

110 2710 303 2750 notitiam
326 2713 538 2753 Ambrosii
571 2714 754 2765 venisse3
787 2715 882 2755 huic
913 2715 1006 2770 ipsi,
1033 2728 1079 2756 ut
1110 2717 1297 2759 haeresin
1328 2721 1519 2777 ejuraret,

112 2777 327 2829 auctorem
358 2769 578 2820 exstitisse3
608 2771 879 2812 Ambrosium
908 2774 959 2812 ab
983 2772 1165 2824 Origene
1196 2777 1440 2828 postulasse,
1473 2792 1519 2820 ut

115 2822 350 2878 Scripturas
366 2823 444 2864 sibi
474 2824 820 2881 interpretatione
836 2830 1112 2883 patefacerem
1143 2829 1370 2881 Origenem
1404 2851 1516 2886 vero,
