1759 3125
287 62 370 107 272
704 61 847 104 Pmm
886 63 1101 106 DAmEus
1132 64 1299 106 Humn

289 173 479 229 denique
509 176 556 215 in
588 174 680 215 loeo
723 183 919 232 apparet
960 175 1262 238 increrlullras
1300 189 1480 226 eorum,
1532 189 1632 219 cum
1669 181 1708 219 is

288 251 471 295 doceret
509 253 630 293 riam
671 255 813 302 vitae,
864 267 965 294 cum
1009 253 1105 294 Dec·
1147 267 1345 310 regnum
1391 252 1708 310 praedicaret,

288 343 389 370 cnm
433 329 738 384 languoribus
775 336 819 371 et
859 332 980 371 vitiis
1020 329 1252 372 medendis
1282 339 1583 387 operaretur,
1626 344 1708 373 ea:-

286 408 466 449 traneis
503 404 668 460 defixis
705 410 753 449 in
796 408 924 447 ill-um
968 415 1066 448 tam
1102 410 1310 463 proximi
1345 410 1559 449 aberant.
1621 409 1706 449 Sed

286 500 469 525 caussam
514 499 593 538 pro
640 501 691 525 eo
732 484 834 525 dicit
874 484 1108 534 pamelius,
1155 496 1196 524 et
1235 496 1369 525 totam
1399 485 1705 526 incredulitatis

282 574 427 602 notam
456 560 497 601 in
530 561 677 602 fratres
706 563 922 613 transsert3
955 573 996 601 et
1026 573 1201 602 matrem
1236 561 1403 603 Christo
1434 579 1520 602 non
1551 563 1704 602 adhae-

282 639 383 680 sisse
424 650 595 679 eatenus
641 650 806 679 tantum
852 639 937 679 dici
975 638 1087 688 vult,
1136 651 1338 694 quatenus
1380 656 1466 679 non
1507 641 1702 679 omnibus

281 716 436 760 Clu-isti
465 715 743 757 concionibus
774 716 977 757 interfuit.
1036 715 1279 757 Laudabilis
1310 716 1506 772 quidem,
1545 717 1617 757 sed
1647 715 1702 756 ir-

279 795 381 835 ritus
413 805 474 834 est
503 793 683 833 Pamelii
716 805 908 834 conatus:
950 809 1206 850 ecquaenam
1246 794 1358 834 enim
1389 795 1585 835 adversus
1615 805 1698 834 tam

276 883 464 927 apertam
496 870 744 911 sententiam
775 871 912 911 valeat
933 871 1157 927 exceptio?
1185 872 1292 912 Nam
1323 872 1400 912 ait:
1437 869 1519 913 hoc
1538 874 1585 912 in
1606 871 1698 911 loco

277 949 548 1005 apparulsse
585 946 959 990 incredulitatem
981 962 1151 999 eorum,
1185 966 1278 989 cum
1300 949 1563 1005 praedicaret
1579 947 1699 990 Chri-

275 1039 360 1068 stus
392 1042 565 1078 regnum
595 1025 703 1081 Dei,
747 1038 788 1067 et
819 1027 1023 1068 extraneis
1067 1029 1108 1068 in
1149 1027 1271 1068 illum
1320 1025 1466 1067 defixis
1507 1027 1698 1066 abessent

273 1103 470 1160 proximi.
529 1103 660 1158 Atqui
692 1103 893 1156 virginem
926 1104 1032 1144 dixit
1062 1121 1147 1145 non
1173 1120 1304 1160 aeque
1320 1103 1552 1144 adhaesisse
1577 1102 1696 1144 Chri-

272 1194 337 1222 sto
369 1197 416 1221 ac
449 1180 659 1221 Maribam
697 1193 738 1221 et
782 1182 974 1222 Mariam.
1041 1181 1258 1234 Virginem
1289 1181 1438 1234 igitur,
1468 1180 1615 1221 itidem
1648 1191 1694 1219 ut

270 1257 449 1300 Domini
488 1259 659 1308 fratres,
703 1258 1011 1300 incredulitatis
1040 1259 1187 1311 arguit.
1261 1258 1491 1310 Origenem
1523 1270 1693 1311 quoque
1754 1273 1759 1285 ·

271 1348 417 1376 contra
447 1334 720 1384 Bbmanum,
767 1335 881 1375 idem
913 1335 993 1391 ipsi
1027 1336 1185 1375 crimen
1217 1335 1514 1391 objicientem,
1546 1334 1691 1373 desen-

269 1416 368 1454 ‹lere
404 1423 523 1467 parat
550 1412 763 1452 Pamelius
795 1412 877 1451 hoc
909 1423 1180 1465 argument0‚
1225 1413 1341 1468 quod
1369 1413 1535 1451 beatam
1567 1409 1691 1461 virgi-

267 1508 363 1531 nem
396 1489 711 1539 immaculatam
742 1490 942 1545 appellet.
1010 1489 1293 1532 Commodius
1331 1489 1475 1529 locum
1521 1504 1569 1527 ex
1600 1487 1689 1527 Ho-

265 1567 355 1608 mil.
386 1566 453 1609 20.
483 1566 526 1606 in
558 1566 657 1607 Luc.
690 1567 883 1622 proxime
916 1567 1145 1608 adductum
1180 1582 1390 1623 exponere
1421 1565 1567 1616 satagit
1596 1564 1687 1605 Six-

265 1659 330 1686 tus
363 1644 558 1686 Senensis
590 1643 684 1686 libr.
716 1646 753 1687 5.
783 1644 992 1686 Biblioth.
1025 1656 1209 1685 annotat.
1243 1643 1337 1688 140.
1369 1643 1501 1693 Puto,
1532 1641 1685 1697 inquit,

267 1724 517 1778 (lrz‘genem
556 1719 774 1763 vocabulo
818 1722 985 1778 plenae
1009 1720 1134 1776 fidei
1178 1721 1459 1763 intellexisse
1495 1720 1684 1775 plenam

264 1802 573 1856 cognitionem
611 1801 812 1843 omnium
858 1802 1182 1854 mysteriorum
1221 1798 1482 1841 divinitatis
1517 1805 1562 1838 et
1603 1795 1682 1837 lm-

263 1879 508 1919 munitatis
542 1876 727 1928 Christi,
757 1889 895 1932 qnam
916 1876 1074 1919 Maria
1094 1879 1226 1933 virgo
1257 1874 1459 1918 nondum
1489 1887 1539 1916 eo
1571 1882 1681 1915 tem-

258 1967 372 2011 pore
404 1952 630 2003 habebat,-
667 1955 870 2009 qaamm's
899 1967 955 1995 ea
987 1956 1156 2008 omnia,
1190 1966 1305 2009 qnae
1336 1960 1431 1994 tum
1462 1951 1516 1992 de
1550 1950 1678 1993 Clcrc'-

261 2038 331 2073 sto
378 2038 596 2080 noverat,
643 2033 901 2072 certissima
941 2038 988 2073 et
1032 2034 1303 2072 inconeussa
1327 2027 1432 2084 fide
1482 2036 1677 2070 teneret.

258 2111 325 2151 Ad
357 2108 545 2164 priorem
585 2124 686 2148 vero
729 2124 777 2148 ex
817 2108 977 2149 Homil.
1012 2109 1077 2151 17.
1118 2107 1366 2148 diluendum
1404 2106 1548 2147 locum
1579 2123 1679 2147 con-

257 2189 412 2228 ducere
450 2196 618 2241 poterat
657 2168 905 2239 Thomae¹)
950 2184 1130 2233 solutio,
1187 2183 1495 2224 dubitationem
1545 2183 1674 2234 illam,

256 2263 615 2307 admirationem
646 2273 688 2302 ct
716 2259 1034 2302 discussionem
1063 2261 1397 2316 interpretantis,
1428 2260 1463 2301 si
1492 2277 1579 2302 non
1609 2278 1673 2302 re-

256 2342 408 2399 jiculae
438 2340 536 2380 illae
565 2336 783 2381 scandali
818 2350 858 2380 et
887 2336 1182 2393 infidelitatis
1220 2355 1345 2378 voces
1387 2351 1670 2380 occurrerent.

253 2420 391 2460 Porro
433 2420 587 2458 absona
627 2419 751 2467 haec,
800 2427 841 2456 et
888 2418 939 2456 ab
982 2415 1184 2456 ecclesiae
1222 2416 1387 2471 placitis
1430 2415 1668 2471 discrepans

252 2497 455 2536 Veterum
499 2495 660 2550 aliquot
700 2495 752 2534 de
790 2494 924 2534 Maria
965 2493 1194 2542 sententia,
1230 2493 1420 2548 aliaeque
1459 2492 1669 2549 ejusmodi

251 2573 510 2622 nonnullae,
567 2589 666 2627 quas
712 2571 907 2613 brevitati
955 2572 1220 2612 consulentes
1280 2569 1669 2630 praetermittimus,

369 2804 408 2858 ¹)
441 2803 515 2845 Cfr
559 2803 709 2844 Thom.
744 2816 848 2859 part.
883 2804 919 2848 3.
955 2815 1109 2859 quaest.
1142 2802 1209 2846 27.
1241 2802 1353 2843 artic.
1386 2803 1423 2845 4.

1740 2854 1759 2959 -ᾈὲῴμ,
1741 2821 1747 2840 ”“
1742 2754 1759 2808 ’.ΛΠ
1757 2724 1759 2733 2
