1759 3125
195 101 278 146 396
737 103 970 146 Excunsus
1002 105 1049 145 V.

194 227 285 255 tum
316 230 402 255 non
435 230 548 262 csse,
586 216 661 255 scd
701 216 838 256 solum
880 218 931 257 ab
964 217 1047 257 alio
1079 233 1165 257 esse
1197 235 1282 258 non
1316 221 1525 275 accepisse
1556 222 1618 261 in—

193 292 366 344 telligit:
401 310 447 332 ex
480 309 564 347 quo
596 305 735 348 patet,
764 311 848 334 non
880 295 922 335 id
955 308 1051 334 eum
1083 295 1317 350 inquirere,
1350 309 1491 336 utrum
1522 297 1619 353 Spi-

195 371 300 410 ritus
329 382 493 410 sanctus
527 386 573 410 ex
604 371 739 411 nihilo
773 384 934 412 creatus
965 371 1040 421 sit,
1072 387 1150 411 nec
1181 389 1257 422 ne,
1289 375 1363 414 scd
1394 387 1535 414 utrum
1568 376 1618 414 ab

195 447 280 486 alio
312 464 389 487 nec
419 463 471 487 nc
514 464 601 488 csse
642 449 866 504 acceperit.
928 450 977 489 Id
1018 450 1240 490 confirmat
1278 453 1506 492 necessaria
1547 452 1619 492 illa

193 524 373 579 triplicis
413 525 647 582 hypostasis
688 526 925 576 distinctio,
972 544 1096 582 quam
1138 529 1189 568 ad
1222 545 1316 568 usus
1347 546 1444 570 suos
1475 530 1619 586 adjun-

195 600 266 652 git.
327 603 463 642 Nemo
496 619 592 643 sane
626 603 789 652 dixerit,
822 602 878 642 ita
911 603 1142 658 desipuisse
1175 604 1418 656 Origenem,
1448 617 1495 644 ut
1524 606 1621 661 Spi—

192 679 319 718 ritum
350 692 539 720 sanctum
571 696 618 720 ex
650 696 714 729 eo,
748 681 864 735 quod
888 680 1009 720 tertia
1040 680 1093 720 sit
1124 680 1341 721 Trinitatis
1372 682 1620 739 hypostasis,

193 772 271 796 nec
305 773 398 797 cum
430 758 555 798 Patre
588 769 629 797 et
657 757 772 797 Filio
807 757 1011 797 confundi
1043 758 1207 808 debeat,
1240 769 1425 798 creatum
1458 769 1497 797 et
1520 759 1621 797 edu-

194 845 307 873 ctum
341 851 388 874 ex
417 834 554 874 nihilo
587 834 874 876 concluderet.

304 911 355 952 ll.
390 911 593 964 Quamvis
635 911 843 966 Spiritum
875 924 1064 952 sanctum
1096 912 1140 952 in
1171 912 1220 953 iis
1251 913 1377 952 rebus
1407 923 1617 961 numeret,

194 1004 299 1042 quae
331 1005 409 1043 per
438 988 598 1029 Filium
632 988 902 1038 exstiterunt,
947 1005 1045 1030 eum
1083 1001 1223 1030 tamen
1263 1006 1284 1029 a
1314 990 1440 1029 rebus
1473 988 1620 1029 creatis

192 1078 453 1118 segregatum
491 1082 579 1107 esse
621 1067 818 1107 declarat.
886 1066 998 1107 Hinc
1042 1084 1139 1108 cum
1179 1067 1231 1107 de
1272 1065 1435 1122 Spiritu
1476 1077 1619 1106 sancto

194 1142 399 1198 loquitur,
429 1160 635 1200 nusquam
666 1144 716 1184 iis
748 1146 886 1184 utitur
906 1146 1096 1195 vocibus,
1129 1160 1234 1200 quae
1257 1143 1515 1184 creationem
1548 1143 1620 1182 de-

192 1220 376 1273 signent3
408 1221 509 1276 quin
543 1221 668 1261 etiam
700 1221 910 1279 ejusmodi
940 1237 1067 1262 voces
1097 1221 1313 1261 interdum
1346 1221 1397 1260 de
1428 1219 1545 1260 Filio
1578 1219 1621 1259 in

192 1298 448 1353 Scripturis‚
489 1315 695 1354 nusquam
728 1300 780 1340 de
811 1310 955 1339 sancto
989 1298 1152 1353 Spiritu
1184 1312 1406 1337 occurrere
1437 1296 1622 1336 declarat

193 1373 265 1414 lib.
298 1376 330 1416 l.
377 1376 429 1415 de
470 1376 660 1431 Princip.
701 1392 788 1431 cap.
820 1375 861 1419 3.
903 1392 1018 1415 num.
1050 1374 1118 1425 3.;
1164 1373 1235 1430 qui
1274 1374 1418 1424 locus,
1472 1391 1568 1414 cum
1599 1390 1621 1414 a

189 1451 416 1507 Pamphilo
458 1453 646 1511 Martyre
697 1454 750 1494 ad
791 1452 985 1503 Origenis
1032 1451 1324 1494 defensionem
1362 1450 1513 1490 allatus
1555 1449 1622 1500 sit,

190 1530 442 1571 auctoritate
473 1547 560 1571 non
593 1543 716 1572 caret.
789 1530 952 1572 Verum
985 1536 1168 1583 tamen,
1199 1527 1360 1584 inquit,
1391 1540 1528 1583 usque
1560 1525 1625 1568 ad

185 1622 411 1665 praesens
443 1609 620 1650 nullum
650 1622 904 1650 sermonem
935 1610 983 1650 z'n
1003 1608 1385 1663 salmeriano-tls
1415 1607 1621 1646 invenire

186 1689 436 1743 potuimus,
461 1699 549 1742 per
578 1699 708 1742 quem
738 1686 939 1742 Spiritus
967 1692 1157 1726 sanctus
1175 1684 1369 1739 factum
1401 1696 1520 1733 esse,
1551 1683 1624 1724 vel

192 1772 420 1806 creatura
450 1763 706 1815 diceretur,
751 1777 807 1805 ne
843 1776 892 1804 eo
922 1760 1099 1818 quidem
1141 1760 1294 1812 modo,
1335 1773 1418 1817 quo
1450 1759 1506 1802 de
1535 1759 1620 1803 Sa-

186 1845 372 1898 pientia
400 1843 588 1894 'referre
617 1842 905 1885 Salomonem
930 1853 1075 1895 supra
1105 1838 1377 1888 edocuimus,
1407 1838 1480 1880 vel
1506 1851 1620 1894 quae

193 1919 248 1961 de
278 1923 401 1968 vita,
441 1921 512 1962 vel
554 1918 733 1970 J‘erbo‚'
755 1920 943 1975 aliisque
973 1918 1360 1974 appellationibus
1390 1915 1502 1957 Filii
1533 1917 1627 1957 Dei

194 1996 503 2054 intelligenda
540 2010 634 2039 esse
675 2000 995 2038 tractavimus.
1063 1996 1161 2036 Non
1203 1993 1404 2035 defuisset
1445 1993 1619 2045 Origeni

193 2074 404 2133 ejusmodi
433 2074 739 2124 testimonium,
769 2074 803 2114 si
835 2073 898 2114 his
929 2073 1104 2114 ,Ioannis
1136 2072 1294 2112 verbis:
1327 2070 1509 2121 „Omnia
1542 2086 1620 2126 per

193 2153 336 2209 ipsum
366 2153 478 2193 facta
506 2158 642 2202 sunt,“
673 2167 747 2191 seu
777 2151 1093 2200 „exstiterunt‚“
1127 2149 1278 2205 quibus
1297 2148 1506 2203 Spiritum
1530 2164 1615 2189 san-

193 2242 307 2272 ctum
340 2229 646 2285 comprehendi
674 2245 760 2270 non
791 2229 978 2278 dubitat,
1010 2227 1266 2268 creationem
1298 2225 1505 2278 designari
1537 2226 1621 2265 exi-

192 2309 413 2350 stimasset.

310 2387 390 2428 III.
423 2385 542 2426 Hanc
571 2383 780 2424 rationem
811 2383 957 2433 affert,
999 2398 1073 2423 cur
1113 2379 1295 2436 Spiritus
1337 2391 1502 2420 sanctus
1531 2396 1620 2420 non

197 2463 441 2519 appelletur
469 2461 620 2512 Filius,
652 2461 748 2517 quia
779 2477 800 2500 a
826 2461 951 2501 Patre
971 2475 1049 2515 per
1067 2458 1229 2500 Filium
1247 2456 1426 2498 exsistit:
1458 2457 1503 2497 in
1534 2473 1618 2512 quo

195 2541 332 2597 liquet
359 2551 501 2581 totum
530 2539 642 2580 inter
670 2538 831 2580 Filium
864 2549 905 2578 et
935 2537 1144 2593 Spiritum
1171 2547 1362 2576 sanctum
1394 2533 1619 2575 discrimen

195 2635 282 2660 non
314 2634 363 2659 ex
391 2629 563 2659 naturae
595 2615 960 2667 dissimilitudine,
1000 2614 1074 2655 sed
1115 2629 1163 2654 ex
1202 2612 1366 2654 diversa
1396 2612 1618 2653 exsistendi

194 2697 360 2737 ratione
401 2695 548 2752 repeti.
617 2695 728 2736 Hinc
775 2694 851 2735 illa
886 2691 1083 2749 Martyris
1121 2690 1335 2747 Pamphili
1377 2688 1616 2730 observatio

198 2776 252 2817 ad
280 2775 383 2816 haec
413 2772 608 2827 Origenis
638 2773 791 2814 verba:
831 2770 943 2826 In¹)
983 2767 1064 2811 hoc
1103 2781 1195 2811 non
1221 2769 1330 2826 jam
1368 2766 1617 2820 manifeste

316 2915 356 2971 ¹)
389 2914 476 2958 Cfr.
507 2929 701 2971 prooem.
734 2913 778 2956 in
807 2912 881 2955 lib.
913 2912 966 2954 de
995 2909 1183 2967 Princip.
1215 2925 1331 2951 num.
1362 2908 1400 2952 4.
