1759 3125
279 70 362 116 348
692 68 833 112 Pei-m
871 69 1087 112 DAmeus
1116 70 1282 113 Hom-11

278 181 567 239 sponsionem,
599 197 692 223 eam
721 181 855 238 ipsam
885 199 1087 238 usurpare
1117 184 1205 225 sere
1244 183 1346 225 licet
1376 184 1572 226 adversus
1603 185 1697 228 loca
1757 203 1759 211 ¹

280 261 420 317 aliqua
462 259 684 312 Origenis,
722 260 990 315 aliorumque
1030 259 1227 310 Patrum,
1274 260 1426 316 quibus
1465 262 1562 303 Deo
1603 262 1697 313 soli,

279 354 358 378 nec
390 336 586 393 cuiquam
616 348 833 392 praeterea
873 337 1008 377 cultus
1048 352 1095 376 ac
1125 337 1228 377 fides
1258 338 1480 379 tribuenda
1509 354 1700 394 pronun-

280 415 429 463 tiatur,
471 424 512 453 et
549 413 700 469 quibus
740 425 953 469 receptam
985 429 1006 453 a
1042 413 1272 454 Catholicis
1303 415 1546 467 angelorum
1578 415 1699 455 invo-

281 489 514 540 cationem,
554 501 595 530 et
625 490 677 530 ad
715 506 860 546 preces
891 501 1053 531 nostras
1085 491 1181 531 Deo
1214 491 1452 533 offerendas
1484 491 1702 545 allegatio-

279 584 378 608 nem
411 567 657 622 impugnare
687 567 857 607 student
885 567 1124 617 adversarii,
1155 567 1266 608 inter
1295 584 1399 623 quos
1426 580 1564 609 tamen
1595 585 1701 609 non-

279 643 403 694 nulli,
432 643 514 683 viri
543 643 711 684 candidi
742 655 783 683 et
813 644 987 695 eruditi,
1032 644 1207 685 veritate
1249 645 1407 701 quippe
1438 645 1552 695 victi,
1581 662 1703 699 ange-

281 721 424 761 lorum
461 720 806 762 intercessionem
857 732 898 761 et
934 721 1143 777 postulari
1189 738 1337 778 posse,
1386 722 1604 779 impetrari
1641 724 1702 764 sa-

280 809 438 841 tentur.
813 787 817 791 ’

395 874 616 919 XXXVII,
687 875 944 917 Accusatum
993 875 1096 917 olim
1143 877 1250 918 salso
1300 876 1529 930 Origenem
1572 878 1703 920 refert

284 968 522 1009 anonymus
553 952 667 1007 apud
697 952 901 994 Photium
946 953 1053 996 Cod.
1084 954 1178 997 117.
1220 971 1315 994 eum
1343 954 1487 995 multis
1516 954 1702 995 nomini-
1758 980 1759 983 =

283 1032 376 1081 bus,
404 1042 496 1070 tum
535 1029 725 1084 idcirco,
768 1031 885 1087 quod
924 1031 1218 1084 affirmaverit,
1265 1030 1332 1075 ὅτι
1372 1030 1423 1074 τὰ
1467 1035 1703 1089 Χερουβὶμ

284 1109 486 1153 ἐπίνοιαι
515 1108 593 1150 τοῦ
626 1109 727 1151 υἱοῦ
759 1112 889 1152 εἰσιν.
949 1109 1121 1150 Crimen
1152 1108 1262 1148 istud
1283 1109 1503 1163 quomodo
1521 1110 1571 1149 ab
1592 1110 1705 1149 Ada-

281 1185 442 1227 mantio
475 1185 688 1241 depulerit
717 1201 950 1243 anonymus
980 1185 1071 1236 iste,
1103 1186 1300 1241 equidem
1321 1185 1488 1238 nescio;
1518 1202 1565 1226 ex
1591 1186 1705 1227 Pho-

282 1263 334 1304 tii
361 1274 501 1303 tamen
532 1261 670 1302 verbis
699 1261 746 1302 id
776 1262 942 1302 videtur
973 1262 1197 1317 consequi,
1237 1272 1434 1318 tanquam
1467 1263 1571 1304 falso
1606 1279 1706 1304 con·
1748 1299 1759 1311 ,

283 1340 404 1390 ficta,
442 1350 484 1379 et
516 1338 691 1390 Origeni
720 1355 799 1394 per
829 1338 1080 1379 calumniam
1110 1339 1293 1395 impacta
1324 1340 1375 1379 ab
1404 1339 1486 1380 hoc
1517 1339 1604 1397 ejus
1633 1357 1708 1396 pa-

283 1428 411 1458 trono
452 1416 581 1457 fuisse
623 1417 850 1457 confutata.
918 1417 1078 1456 Verum
1116 1428 1257 1457 tamen
1294 1429 1342 1458 ut
1380 1417 1487 1458 illud
1524 1419 1575 1458 ab
1607 1417 1706 1460 Ori-

284 1511 388 1547 gene
418 1493 624 1550 scriptum
655 1495 824 1544 demus,
869 1493 1034 1549 liquido
1075 1504 1214 1534 tamen
1252 1493 1499 1551 juraverim,
1538 1505 1586 1535 ut
1624 1494 1704 1536 alia

285 1574 376 1614 sere
415 1572 577 1622 omnia,
613 1571 673 1612 sic
715 1587 762 1612 ea
799 1586 970 1627 quoque
1012 1570 1320 1629 ἀλληγορικῶς
1364 1571 1503 1626 ipsum
1542 1588 1706 1628 propo-

283 1650 428 1693 suisse.
485 1649 648 1690 Eadem
688 1648 829 1704 itaque
867 1649 1004 1689 valeat
1033 1648 1101 1689 hic
1129 1649 1372 1704 responsio,
1414 1665 1496 1705 qua
1526 1652 1577 1690 ad
1609 1666 1705 1690 eum

284 1741 411 1785 supra
451 1727 733 1768 excusandum
772 1726 836 1767 usi
868 1742 1033 1778 sumus,
1075 1742 1172 1767 cum
1210 1726 1373 1767 Filium
1416 1741 1457 1767 et
1496 1727 1706 1783 Spiritum

286 1807 489 1849 Sanctum
520 1807 627 1846 duos
658 1821 746 1846 esse
777 1803 1074 1860 Seraphimos,
1115 1815 1158 1844 et
1197 1804 1410 1846 Christum
1448 1822 1617 1861 quoque
1647 1805 1734 1867 vig

286 1901 382 1924 rum
414 1901 510 1924 eum
540 1873 731 1924 sterilem
761 1899 849 1924 esse
881 1882 1061 1933 diceret,
1100 1898 1226 1938 quem
1257 1894 1563 1924 commemorat
1590 1883 1710 1924 Jere-

287 1961 393 2002 mias
423 1977 512 2015 cap.
544 1961 614 2004 2¹2.
641 1977 746 2003 vers.
778 1959 845 2004 30.

398 2038 639 2078 XXXVHI.
698 2036 1084 2078 Animadvertimus
1121 2053 1247 2092 supra
1285 2036 1447 2079 diversa
1478 2037 1708 2090 Origenem

289 2114 446 2168 angelis
477 2130 525 2154 ae
555 2114 831 2155 daemonibus
861 2114 1065 2156 affluxisse
1097 2130 1290 2170 corpora,
1322 2114 1427 2155 citra
1455 2114 1594 2154 ullum
1624 2114 1709 2159 οὐ-

292 2198 393 2241 σίας
426 2203 468 2233 et
505 2202 676 2232 naturae
708 2191 945 2234 discrimen.
1011 2192 1074 2232 Ex
1107 2208 1153 2232 ea
1184 2191 1387 2247 opinione
1417 2203 1513 2232 nata
1544 2203 1604 2232 est
1633 2191 1710 2233 illa

292 2272 438 2320 altera,
468 2268 642 2310 crassius
672 2269 774 2318 hoc,
815 2280 857 2309 et
893 2269 978 2309 ae'ri
1015 2280 1161 2309 nostro
1195 2280 1419 2320 cognatum
1451 2269 1708 2310 daemonum
1757 2314 1759 2318 Α

295 2365 462 2404 corpus,
491 2363 557 2387 res
587 2345 652 2386 sui
681 2345 842 2398 generis
873 2358 1087 2402 appetere,
1118 2346 1280 2386 suffitus
1311 2357 1436 2401 puta,
1467 2357 1509 2386 et
1536 2346 1708 2387 nidores
1756 2364 1759 2375 ¹

293 2425 623 2476 sacrificiorum3
671 2439 718 2464 ac
763 2423 1007 2476 sanguinem
1046 2423 1171 2463 etiam
1209 2423 1478 2464 victimarum
1515 2423 1710 2477 ligurire;

292 2521 373 2546 nec
402 2502 453 2543 iis
482 2514 644 2543 tantum
675 2500 898 2550 delectari,
930 2501 1046 2556 quod
1075 2500 1268 2542 homines
1297 2500 1566 2542 idololatriae
1593 2501 1713 2542 dedi-

293 2594 361 2623 tos
395 2597 482 2621 esse
512 2579 705 2629 videant,
742 2579 817 2619 sed
853 2578 978 2618 etiam
1015 2590 1194 2633 propter
1228 2581 1492 2636 voluptatem
1529 2596 1576 2620 ac
1607 2579 1713 2620 deli-

300 2660 395 2709 cias,
427 2657 577 2714 quibus
609 2673 755 2697 eorum
776 2672 956 2713 corpora
986 2656 1240 2705 afficiuntur,
1287 2657 1491 2710 Origenes
1519 2657 1612 2698 libr.
1633 2657 1709 2698 III.

301 2747 434 2779 contr.
469 2735 578 2778 Cels.
609 2751 724 2775 num.
755 2733 823 2778 37.
868 2731 1043 2783 Πάντες
1070 2735 1183 2789 μὲν,
1229 2734 1388 2791 inquit,
1420 2737 1464 2779 οἱ
1492 2737 1593 2779 θεοὶ
1621 2737 1713 2778 τῶν

306 2816 459 2860 ἐθνῶν
489 2816 575 2860 εἰσι
605 2809 824 2871 δαιμόνια
853 2815 1007 2870 λίχνοι,
1049 2815 1126 2856 καὶ
1156 2815 1261 2872 περὶ
1298 2811 1377 2863 τὰς
1414 2817 1597 2865 θυσίας,
1635 2813 1711 2856 καὶ

1756 2499 1759 2569 Ι

1756 2574 1759 2649 l

1751 2655 1759 2716 ἲ.
