<?xml version="1.0" encoding="UTF-8"?>
<!DOCTYPE html PUBLIC "-//W3C//DTD XHTML 1.0 Transitional//EN"
    "http://www.w3.org/TR/xhtml1/DTD/xhtml1-transitional.dtd">
<html xmlns="http://www.w3.org/1999/xhtml" xml:lang="en" lang="en">
 <head>
  <title>
</title>
<meta http-equiv="Content-Type" content="text/html;charset=utf-8" />
  <meta name='ocr-system' content='tesseract 3.04.00' />
  <meta name='ocr-capabilities' content='ocr_page ocr_carea ocr_par ocr_line ocrx_word'/>
</head>
<body>
  <div class='ocr_page' id='page_1' title='image "./operaomniaquaegr22orig/operaomniaquaegr22orig_0411.png"; bbox 0 0 1759 3125; ppageno 0'>
   <div class='ocr_carea' id='block_1_1' title="bbox 632 92 1514 141">
    <p class='ocr_par' dir='ltr' id='par_1_1' title="bbox 632 92 1514 141">
     <span class='ocr_line' id='line_1_1' title="bbox 632 92 1514 141; baseline 0.003 -8"><span class='ocrx_word' id='word_1_1' title='bbox 632 92 867 135; x_wconf 75' lang='lat' dir='ltr'>Excnnsns</span> <span class='ocrx_word' id='word_1_2' title='bbox 910 93 983 135; x_wconf 73' lang='lat' dir='ltr'>vl.</span> <span class='ocrx_word' id='word_1_3' title='bbox 1431 96 1514 141; x_wconf 85' lang='lat'>399</span> 
     </span>
    </p>
   </div>
   <div class='ocr_carea' id='block_1_2' title="bbox 91 203 1520 2650">
    <p class='ocr_par' dir='ltr' id='par_1_2' title="bbox 99 203 1515 408">
     <span class='ocr_line' id='line_1_2' title="bbox 104 203 1515 261; baseline 0.004 -16"><span class='ocrx_word' id='word_1_4' title='bbox 104 215 198 245; x_wconf 87' lang='lat' dir='ltr'>ante</span> <span class='ocrx_word' id='word_1_5' title='bbox 237 203 566 245; x_wconf 79' lang='lat' dir='ltr'>incarnationem</span> <span class='ocrx_word' id='word_1_6' title='bbox 606 204 722 245; x_wconf 88' lang='lat' dir='ltr'>Filio</span> <span class='ocrx_word' id='word_1_7' title='bbox 763 205 914 245; x_wconf 88' lang='lat' dir='ltr'>tribui:</span> <span class='ocrx_word' id='word_1_8' title='bbox 961 206 1062 246; x_wconf 73' lang='lat' dir='ltr'>haec</span> <span class='ocrx_word' id='word_1_9' title='bbox 1100 205 1248 261; x_wconf 84' lang='lat' dir='ltr'>opinio</span> <span class='ocrx_word' id='word_1_10' title='bbox 1291 219 1332 248; x_wconf 85' lang='lat' dir='ltr'>et</span> <span class='ocrx_word' id='word_1_11' title='bbox 1371 208 1515 250; x_wconf 84' lang='lat' dir='ltr'>multis</span> 
     </span>
     <span class='ocr_line' id='line_1_3' title="bbox 102 280 1512 338; baseline 0.002 -16"><span class='ocrx_word' id='word_1_12' title='bbox 102 281 193 322; x_wconf 84' lang='lat' dir='ltr'>aliis</span> <span class='ocrx_word' id='word_1_13' title='bbox 226 281 372 330; x_wconf 84' lang='lat' dir='ltr'>arrisit,</span> <span class='ocrx_word' id='word_1_14' title='bbox 406 281 457 320; x_wconf 89' lang='lat' dir='ltr'>de</span> <span class='ocrx_word' id='word_1_15' title='bbox 489 280 640 336; x_wconf 86' lang='lat' dir='ltr'>quibus</span> <span class='ocrx_word' id='word_1_16' title='bbox 672 280 753 323; x_wconf 81' lang='lat' dir='ltr'>vid.</span> <span class='ocrx_word' id='word_1_17' title='bbox 774 280 934 323; x_wconf 82' lang='lat' dir='ltr'><strong>dissert.</strong></span> <span class='ocrx_word' id='word_1_18' title='bbox 967 283 1042 323; x_wconf 86' lang='lat' dir='ltr'>III.</span> <span class='ocrx_word' id='word_1_19' title='bbox 1066 282 1219 338; x_wconf 82' lang='lat' dir='ltr'>Cyrill.</span> <span class='ocrx_word' id='word_1_20' title='bbox 1248 299 1382 325; x_wconf 88' lang='lat' dir='ltr'>novae</span> <span class='ocrx_word' id='word_1_21' title='bbox 1413 284 1512 326; x_wconf 79' lang='lat' dir='ltr'>edit.</span> 
     </span>
     <span class='ocr_line' id='line_1_4' title="bbox 99 356 1228 408; baseline 0.002 -10"><span class='ocrx_word' id='word_1_22' title='bbox 99 357 334 408; x_wconf 85' lang='lat' dir='ltr'>Parisiens.‚</span> <span class='ocrx_word' id='word_1_23' title='bbox 368 368 408 397; x_wconf 89' lang='lat' dir='ltr'>et</span> <span class='ocrx_word' id='word_1_24' title='bbox 438 358 490 397; x_wconf 92' lang='lat' dir='ltr'>de</span> <span class='ocrx_word' id='word_1_25' title='bbox 520 357 622 397; x_wconf 80' lang='lat' dir='ltr'>Filii</span> <span class='ocrx_word' id='word_1_26' title='bbox 653 356 870 398; x_wconf 89' lang='lat' dir='ltr'>divinitate</span> <span class='ocrx_word' id='word_1_27' title='bbox 899 358 1004 399; x_wconf 86' lang='lat' dir='ltr'>nihil</span> <span class='ocrx_word' id='word_1_28' title='bbox 1036 359 1228 401; x_wconf 85' lang='lat' dir='ltr'>detrahit.</span> 
     </span>
    </p>

    <p class='ocr_par' dir='ltr' id='par_1_3' title="bbox 91 433 1520 2107">
     <span class='ocr_line' id='line_1_5' title="bbox 217 433 1514 490; baseline 0.005 -18"><span class='ocrx_word' id='word_1_29' title='bbox 217 434 326 474; x_wconf 85' lang='lat' dir='ltr'>Illud</span> <span class='ocrx_word' id='word_1_30' title='bbox 366 445 505 474; x_wconf 87' lang='lat' dir='ltr'>autem</span> <span class='ocrx_word' id='word_1_31' title='bbox 545 450 632 474; x_wconf 88' lang='lat' dir='ltr'>non</span> <span class='ocrx_word' id='word_1_32' title='bbox 671 433 845 475; x_wconf 87' lang='lat' dir='ltr'>difficile</span> <span class='ocrx_word' id='word_1_33' title='bbox 885 446 946 475; x_wconf 89' lang='lat' dir='ltr'>est</span> <span class='ocrx_word' id='word_1_34' title='bbox 976 435 1331 487; x_wconf 86' lang='lat' dir='ltr'>animadvertere,</span> <span class='ocrx_word' id='word_1_35' title='bbox 1363 437 1514 490; x_wconf 80' lang='lat' dir='ltr'>Orige-</span> 
     </span>
     <span class='ocr_line' id='line_1_6' title="bbox 99 510 1516 568; baseline 0.003 -18"><span class='ocrx_word' id='word_1_36' title='bbox 99 527 196 550; x_wconf 90' lang='lat' dir='ltr'>nem</span> <span class='ocrx_word' id='word_1_37' title='bbox 227 510 289 551; x_wconf 80' lang='lat' dir='ltr'>his</span> <span class='ocrx_word' id='word_1_38' title='bbox 319 510 361 551; x_wconf 90' lang='lat' dir='ltr'>in</span> <span class='ocrx_word' id='word_1_39' title='bbox 390 510 497 550; x_wconf 89' lang='lat' dir='ltr'>locis</span> <span class='ocrx_word' id='word_1_40' title='bbox 527 527 605 550; x_wconf 88' lang='lat' dir='ltr'>nec</span> <span class='ocrx_word' id='word_1_41' title='bbox 643 526 666 550; x_wconf 89' lang='lat' dir='ltr'>a</span> <span class='ocrx_word' id='word_1_42' title='bbox 701 510 828 551; x_wconf 87' lang='lat' dir='ltr'>solita</span> <span class='ocrx_word' id='word_1_43' title='bbox 864 511 1076 552; x_wconf 83' lang='lat' dir='ltr'>subtiliter</span> <span class='ocrx_word' id='word_1_44' title='bbox 1114 524 1154 553; x_wconf 89' lang='lat' dir='ltr'>et</span> <span class='ocrx_word' id='word_1_45' title='bbox 1183 512 1353 568; x_wconf 87' lang='lat' dir='ltr'>spinose</span> <span class='ocrx_word' id='word_1_46' title='bbox 1384 513 1516 554; x_wconf 88' lang='lat' dir='ltr'>disse-</span> 
     </span>
     <span class='ocr_line' id='line_1_7' title="bbox 99 587 1515 644; baseline 0.004 -17"><span class='ocrx_word' id='word_1_47' title='bbox 99 587 220 627; x_wconf 86' lang='lat' dir='ltr'>rendi</span> <span class='ocrx_word' id='word_1_48' title='bbox 259 587 586 636; x_wconf 84' lang='lat' dir='ltr'>consuetudine,</span> <span class='ocrx_word' id='word_1_49' title='bbox 624 604 702 628; x_wconf 87' lang='lat' dir='ltr'>nec</span> <span class='ocrx_word' id='word_1_50' title='bbox 734 589 785 628; x_wconf 90' lang='lat' dir='ltr'>ab</span> <span class='ocrx_word' id='word_1_51' title='bbox 817 604 886 638; x_wconf 90' lang='lat' dir='ltr'>ea,</span> <span class='ocrx_word' id='word_1_52' title='bbox 924 604 1049 644; x_wconf 86' lang='lat' dir='ltr'>quam</span> <span class='ocrx_word' id='word_1_53' title='bbox 1088 588 1140 628; x_wconf 90' lang='lat' dir='ltr'>de</span> <span class='ocrx_word' id='word_1_54' title='bbox 1180 590 1434 632; x_wconf 86' lang='lat' dir='ltr'>substantiae</span> <span class='ocrx_word' id='word_1_55' title='bbox 1471 591 1515 631; x_wconf 88' lang='lat' dir='ltr'>in</span> 
     </span>
     <span class='ocr_line' id='line_1_8' title="bbox 97 663 1516 721; baseline 0.003 -17"><span class='ocrx_word' id='word_1_56' title='bbox 97 665 290 719; x_wconf 89' lang='lat' dir='ltr'>personis</span> <span class='ocrx_word' id='word_1_57' title='bbox 321 663 472 704; x_wconf 86' lang='lat' dir='ltr'>divinis</span> <span class='ocrx_word' id='word_1_58' title='bbox 502 664 662 704; x_wconf 81' lang='lat' dir='ltr'>unitate</span> <span class='ocrx_word' id='word_1_59' title='bbox 692 664 820 705; x_wconf 87' lang='lat' dir='ltr'>toties</span> <span class='ocrx_word' id='word_1_60' title='bbox 849 664 1130 721; x_wconf 83' lang='lat' dir='ltr'>praedicavit,</span> <span class='ocrx_word' id='word_1_61' title='bbox 1161 665 1353 707; x_wconf 87' lang='lat' dir='ltr'>doctrina</span> <span class='ocrx_word' id='word_1_62' title='bbox 1383 667 1516 708; x_wconf 90' lang='lat' dir='ltr'>disce-</span> 
     </span>
     <span class='ocr_line' id='line_1_9' title="bbox 100 740 1514 795; baseline 0.003 -14"><span class='ocrx_word' id='word_1_63' title='bbox 100 742 211 782; x_wconf 85' lang='lat' dir='ltr'>dere.</span> <span class='ocrx_word' id='word_1_64' title='bbox 273 740 381 781; x_wconf 89' lang='lat' dir='ltr'>Cum</span> <span class='ocrx_word' id='word_1_65' title='bbox 411 741 545 781; x_wconf 87' lang='lat' dir='ltr'>multa</span> <span class='ocrx_word' id='word_1_66' title='bbox 575 742 764 782; x_wconf 84' lang='lat' dir='ltr'>effutiret</span> <span class='ocrx_word' id='word_1_67' title='bbox 796 742 944 783; x_wconf 90' lang='lat' dir='ltr'>Celsus</span> <span class='ocrx_word' id='word_1_68' title='bbox 976 743 1029 782; x_wconf 89' lang='lat' dir='ltr'>de</span> <span class='ocrx_word' id='word_1_69' title='bbox 1058 743 1329 795; x_wconf 77' lang='lat' dir='ltr'>angelorum,</span> <span class='ocrx_word' id='word_1_70' title='bbox 1362 744 1414 785; x_wconf 91' lang='lat' dir='ltr'>de</span> <span class='ocrx_word' id='word_1_71' title='bbox 1444 760 1514 784; x_wconf 91' lang='lat' dir='ltr'>so-</span> 
     </span>
     <span class='ocr_line' id='line_1_10' title="bbox 99 818 1512 875; baseline 0.003 -18"><span class='ocrx_word' id='word_1_72' title='bbox 99 818 149 858; x_wconf 86' lang='lat' dir='ltr'>lis</span> <span class='ocrx_word' id='word_1_73' title='bbox 180 835 227 858; x_wconf 90' lang='lat' dir='ltr'>ac</span> <span class='ocrx_word' id='word_1_74' title='bbox 258 818 381 859; x_wconf 88' lang='lat' dir='ltr'>lunae</span> <span class='ocrx_word' id='word_1_75' title='bbox 414 829 456 858; x_wconf 88' lang='lat' dir='ltr'>et</span> <span class='ocrx_word' id='word_1_76' title='bbox 484 818 700 858; x_wconf 81' lang='lat' dir='ltr'>stellarum</span> <span class='ocrx_word' id='word_1_77' title='bbox 724 820 860 859; x_wconf 87' lang='lat' dir='ltr'>cultu:</span> <span class='ocrx_word' id='word_1_78' title='bbox 891 820 1121 875; x_wconf 88' lang='lat' dir='ltr'><strong>respondet</strong></span> <span class='ocrx_word' id='word_1_79' title='bbox 1143 819 1345 872; x_wconf 83' lang='lat' dir='ltr'>Origenes</span> <span class='ocrx_word' id='word_1_80' title='bbox 1376 819 1445 863; x_wconf 86' lang='lat' dir='ltr'>lib.</span> <span class='ocrx_word' id='word_1_81' title='bbox 1463 821 1512 861; x_wconf 84' lang='lat' dir='ltr'>V.</span> 
     </span>
     <span class='ocr_line' id='line_1_11' title="bbox 98 885 1515 955; baseline 0.002 -20"><span class='ocrx_word' id='word_1_82' title='bbox 98 912 212 936; x_wconf 90' lang='lat' dir='ltr'>num.</span> <span class='ocrx_word' id='word_1_83' title='bbox 247 885 335 950; x_wconf 73' lang='lat'>11.,&#39;</span> <span class='ocrx_word' id='word_1_84' title='bbox 359 895 500 936; x_wconf 84' lang='lat' dir='ltr'>solum</span> <span class='ocrx_word' id='word_1_85' title='bbox 527 895 669 935; x_wconf 76' lang='lat' dir='ltr'>Deum</span> <span class='ocrx_word' id='word_1_86' title='bbox 709 911 731 935; x_wconf 81' lang='lat' dir='ltr'>a</span> <span class='ocrx_word' id='word_1_87' title='bbox 764 896 1006 937; x_wconf 83' lang='lat' dir='ltr'>Christianis</span> <span class='ocrx_word' id='word_1_88' title='bbox 1035 913 1113 952; x_wconf 90' lang='lat' dir='ltr'>per</span> <span class='ocrx_word' id='word_1_89' title='bbox 1141 897 1303 938; x_wconf 85' lang='lat' dir='ltr'>Filium</span> <span class='ocrx_word' id='word_1_90' title='bbox 1335 897 1423 955; x_wconf 88' lang='lat' dir='ltr'>ejus</span> <span class='ocrx_word' id='word_1_91' title='bbox 1453 897 1515 938; x_wconf 87' lang='lat' dir='ltr'>in-</span> 
     </span>
     <span class='ocr_line' id='line_1_12' title="bbox 99 970 1517 1027; baseline 0.002 -15"><span class='ocrx_word' id='word_1_92' title='bbox 99 973 242 1013; x_wconf 80' lang='lat' dir='ltr'>vocari</span> <span class='ocrx_word' id='word_1_93' title='bbox 280 984 321 1012; x_wconf 88' lang='lat' dir='ltr'>et</span> <span class='ocrx_word' id='word_1_94' title='bbox 361 972 467 1023; x_wconf 89' lang='lat' dir='ltr'>coli;</span> <span class='ocrx_word' id='word_1_95' title='bbox 519 983 559 1011; x_wconf 89' lang='lat' dir='ltr'>et</span> <span class='ocrx_word' id='word_1_96' title='bbox 596 970 973 1027; x_wconf 79' lang='lat' dir='ltr'><em>quemadmodum</em></span> <span class='ocrx_word' id='word_1_97' title='bbox 1013 972 1291 1014; x_wconf 80' lang='lat' dir='ltr'>adoratores</span> <span class='ocrx_word' id='word_1_98' title='bbox 1327 974 1434 1015; x_wconf 74' lang='lat' dir='ltr'>solis</span> <span class='ocrx_word' id='word_1_99' title='bbox 1471 981 1517 1016; x_wconf 81' lang='lat' dir='ltr'>et</span> 
     </span>
     <span class='ocr_line' id='line_1_13' title="bbox 98 1048 1515 1104; baseline 0.001 -14"><span class='ocrx_word' id='word_1_100' title='bbox 98 1049 237 1091; x_wconf 79' lang='lat' dir='ltr'>lunae</span> <span class='ocrx_word' id='word_1_101' title='bbox 284 1057 331 1090; x_wconf 82' lang='lat' dir='ltr'>et</span> <span class='ocrx_word' id='word_1_102' title='bbox 376 1048 619 1090; x_wconf 74' lang='lat' dir='ltr'>stellarum</span> <span class='ocrx_word' id='word_1_103' title='bbox 667 1062 902 1104; x_wconf 75' lang='lat' dir='ltr'>uunquam</span> <span class='ocrx_word' id='word_1_104' title='bbox 959 1048 1218 1091; x_wconf 79' lang='lat' dir='ltr'><em>adorarent</em></span> <span class='ocrx_word' id='word_1_105' title='bbox 1262 1050 1515 1092; x_wconf 72' lang='lat' dir='ltr'>scintillam</span> 
     </span>
     <span class='ocr_line' id='line_1_14' title="bbox 97 1124 1514 1182; baseline 0.002 -16"><span class='ocrx_word' id='word_1_106' title='bbox 97 1128 235 1182; x_wconf 77' lang='lat' dir='ltr'>ignis,</span> <span class='ocrx_word' id='word_1_107' title='bbox 265 1129 357 1168; x_wconf 76' lang='lat' dir='ltr'>sive</span> <span class='ocrx_word' id='word_1_108' title='bbox 388 1126 627 1167; x_wconf 80' lang='lat' dir='ltr'>lucernam</span> <span class='ocrx_word' id='word_1_109' title='bbox 659 1129 705 1167; x_wconf 77' lang='lat' dir='ltr'>ln</span> <span class='ocrx_word' id='word_1_110' title='bbox 739 1135 898 1174; x_wconf 72' lang='lat' dir='ltr'>ter7·a;</span> <span class='ocrx_word' id='word_1_111' title='bbox 928 1129 992 1166; x_wconf 73' lang='lat' dir='ltr'>Sic</span> <span class='ocrx_word' id='word_1_112' title='bbox 1022 1129 1100 1182; x_wconf 74' lang='lat' dir='ltr'>qui</span> <span class='ocrx_word' id='word_1_113' title='bbox 1118 1124 1514 1178; x_wconf 65' lang='lat' dir='ltr'>animadvertunt,</span> 
     </span>
     <span class='ocr_line' id='line_1_15' title="bbox 98 1201 1516 1259; baseline 0.001 -16"><span class='ocrx_word' id='word_1_114' title='bbox 98 1215 181 1258; x_wconf 81' lang='lat' dir='ltr'>quo</span> <span class='ocrx_word' id='word_1_115' title='bbox 223 1201 352 1244; x_wconf 83' lang='lat' dir='ltr'>modo</span> <span class='ocrx_word' id='word_1_116' title='bbox 392 1203 518 1244; x_wconf 72' lang='lat' dir='ltr'>Deus</span> <span class='ocrx_word' id='word_1_117' title='bbox 556 1203 706 1244; x_wconf 78' lang='lat' dir='ltr'>lumen</span> <span class='ocrx_word' id='word_1_118' title='bbox 748 1206 832 1254; x_wconf 69' lang='lat' dir='ltr'>sit,</span> <span class='ocrx_word' id='word_1_119' title='bbox 877 1210 923 1244; x_wconf 80' lang='lat' dir='ltr'>et</span> <span class='ocrx_word' id='word_1_120' title='bbox 968 1203 1182 1259; x_wconf 79' lang='lat' dir='ltr'>quomodo</span> <span class='ocrx_word' id='word_1_121' title='bbox 1227 1202 1375 1244; x_wconf 65' lang='lat' dir='ltr'>Filius</span> <span class='ocrx_word' id='word_1_122' title='bbox 1420 1205 1516 1259; x_wconf 74' lang='lat' dir='ltr'>ejus</span> 
     </span>
     <span class='ocr_line' id='line_1_16' title="bbox 98 1280 1517 1335; baseline 0.001 -15"><span class='ocrx_word' id='word_1_123' title='bbox 98 1280 182 1321; x_wconf 75' lang='lat' dir='ltr'>lux</span> <span class='ocrx_word' id='word_1_124' title='bbox 201 1281 238 1335; x_wconf 92' lang='lat'>¹)</span> <span class='ocrx_word' id='word_1_125' title='bbox 270 1293 380 1321; x_wconf 77' lang='lat' dir='ltr'>vera</span> <span class='ocrx_word' id='word_1_126' title='bbox 410 1283 469 1321; x_wconf 74' lang='lat' dir='ltr'>sit</span> <span class='ocrx_word' id='word_1_127' title='bbox 499 1280 767 1321; x_wconf 75' lang='lat' dir='ltr'>illumina-ns</span> <span class='ocrx_word' id='word_1_128' title='bbox 798 1294 975 1322; x_wconf 79' lang='lat' dir='ltr'>omnem</span> <span class='ocrx_word' id='word_1_129' title='bbox 1005 1281 1231 1322; x_wconf 72' lang='lat' dir='ltr'>hominem</span> <span class='ocrx_word' id='word_1_130' title='bbox 1261 1283 1517 1321; x_wconf 72' lang='lat' dir='ltr'>venientem</span> 
     </span>
     <span class='ocr_line' id='line_1_17' title="bbox 97 1354 1515 1414; baseline 0.001 -18"><span class='ocrx_word' id='word_1_131' title='bbox 97 1358 145 1397; x_wconf 77' lang='lat' dir='ltr'>in</span> <span class='ocrx_word' id='word_1_132' title='bbox 177 1355 298 1397; x_wconf 78' lang='lat' dir='ltr'>hunc</span> <span class='ocrx_word' id='word_1_133' title='bbox 326 1354 559 1407; x_wconf 77' lang='lat' dir='ltr'>mnndum,</span> <span class='ocrx_word' id='word_1_134' title='bbox 590 1361 749 1412; x_wconf 71' lang='lat' dir='ltr'>quique</span> <span class='ocrx_word' id='word_1_135' title='bbox 763 1357 881 1400; x_wconf 75' lang='lat' dir='ltr'>illud</span> <span class='ocrx_word' id='word_1_136' title='bbox 892 1359 1189 1414; x_wconf 65' lang='lat' dir='ltr'>intellegunt:</span> <span class='ocrx_word' id='word_1_137' title='bbox 1217 1357 1336 1409; x_wconf 82' lang='lat' dir='ltr'>„Ego</span> <span class='ocrx_word' id='word_1_138' title='bbox 1351 1359 1392 1412; x_wconf 86' lang='lat'>²)</span> <span class='ocrx_word' id='word_1_139' title='bbox 1423 1374 1515 1398; x_wconf 89' lang='lat' dir='ltr'>sum</span> 
     </span>
     <span class='ocr_line' id='line_1_18' title="bbox 100 1433 1516 1476; baseline 0.002 -3"><span class='ocrx_word' id='word_1_140' title='bbox 100 1434 169 1473; x_wconf 87' lang='lat' dir='ltr'>lux</span> <span class='ocrx_word' id='word_1_141' title='bbox 198 1433 405 1474; x_wconf 85' lang='lat' dir='ltr'>mundi:“</span> <span class='ocrx_word' id='word_1_142' title='bbox 444 1435 672 1475; x_wconf 69' lang='lat' dir='ltr'>immerito</span> <span class='ocrx_word' id='word_1_143' title='bbox 714 1433 995 1476; x_wconf 74' lang='lat' dir='ltr'>adoraturos</span> <span class='ocrx_word' id='word_1_144' title='bbox 1031 1434 1285 1476; x_wconf 60' lang='lat' dir='ltr'>scintillam</span> <span class='ocrx_word' id='word_1_145' title='bbox 1323 1435 1428 1475; x_wconf 73' lang='lat' dir='ltr'>solis</span> <span class='ocrx_word' id='word_1_146' title='bbox 1468 1442 1516 1476; x_wconf 83' lang='lat' dir='ltr'>et</span> 
     </span>
     <span class='ocr_line' id='line_1_19' title="bbox 97 1510 1515 1566; baseline 0 -13"><span class='ocrx_word' id='word_1_147' title='bbox 97 1510 238 1553; x_wconf 73' lang='lat' dir='ltr'>lemae</span> <span class='ocrx_word' id='word_1_148' title='bbox 269 1524 327 1553; x_wconf 83' lang='lat' dir='ltr'>ac</span> <span class='ocrx_word' id='word_1_149' title='bbox 353 1510 611 1561; x_wconf 81' lang='lat' dir='ltr'>stellarum,</span> <span class='ocrx_word' id='word_1_150' title='bbox 644 1524 760 1566; x_wconf 81' lang='lat' dir='ltr'>quae</span> <span class='ocrx_word' id='word_1_151' title='bbox 781 1510 848 1552; x_wconf 77' lang='lat' dir='ltr'>ad</span> <span class='ocrx_word' id='word_1_152' title='bbox 863 1512 1010 1552; x_wconf 78' lang='lat' dir='ltr'>lumen</span> <span class='ocrx_word' id='word_1_153' title='bbox 1035 1513 1334 1553; x_wconf 80' lang='lat' dir='ltr'>verz&#39;lumz&#39;m‘s</span> <span class='ocrx_word' id='word_1_154' title='bbox 1350 1512 1515 1563; x_wconf 81' lang='lat' dir='ltr'>Deum,</span> 
     </span>
     <span class='ocr_line' id='line_1_20' title="bbox 97 1587 1513 1643; baseline 0.002 -16"><span class='ocrx_word' id='word_1_155' title='bbox 97 1587 198 1640; x_wconf 83' lang='lat' dir='ltr'>sive,</span> <span class='ocrx_word' id='word_1_156' title='bbox 228 1600 276 1629; x_wconf 87' lang='lat' dir='ltr'>ut</span> <span class='ocrx_word' id='word_1_157' title='bbox 304 1589 435 1643; x_wconf 91' lang='lat' dir='ltr'>paulo</span> <span class='ocrx_word' id='word_1_158' title='bbox 467 1599 561 1628; x_wconf 89' lang='lat' dir='ltr'>ante</span> <span class='ocrx_word' id='word_1_159' title='bbox 601 1589 808 1643; x_wconf 85' lang='lat' dir='ltr'>appellat,</span> <span class='ocrx_word' id='word_1_160' title='bbox 846 1588 999 1631; x_wconf 79' lang='lat' dir='ltr'>Deum</span> <span class='ocrx_word' id='word_1_161' title='bbox 1027 1589 1224 1631; x_wconf 79' lang='lat' dir='ltr'>Patrem</span> <span class='ocrx_word' id='word_1_162' title='bbox 1253 1590 1355 1630; x_wconf 77' lang='lat' dir='ltr'>veri</span> <span class='ocrx_word' id='word_1_163' title='bbox 1381 1589 1513 1630; x_wconf 75' lang='lat' dir='ltr'>lumi-</span> 
     </span>
     <span class='ocr_line' id='line_1_21' title="bbox 96 1664 1516 1725; baseline 0.002 -20"><span class='ocrx_word' id='word_1_164' title='bbox 96 1667 168 1705; x_wconf 72' lang='grc' dir='ltr'>πίε</span> <span class='ocrx_word' id='word_1_165' title='bbox 191 1677 347 1720; x_wconf 81' lang='lat' dir='ltr'>parva</span> <span class='ocrx_word' id='word_1_166' title='bbox 375 1670 421 1706; x_wconf 83' lang='lat' dir='ltr'>et</span> <span class='ocrx_word' id='word_1_167' title='bbox 450 1667 628 1720; x_wconf 67' lang='lat' dir='ltr'>engua</span> <span class='ocrx_word' id='word_1_168' title='bbox 657 1673 739 1708; x_wconf 81' lang='lat' dir='ltr'>est.</span> <span class='ocrx_word' id='word_1_169' title='bbox 801 1666 894 1710; x_wconf 83' lang='grc' dir='ltr'>Οὐκ</span> <span class='ocrx_word' id='word_1_170' title='bbox 933 1664 992 1709; x_wconf 75' lang='grc' dir='ltr'>ἂν</span> <span class='ocrx_word' id='word_1_171' title='bbox 1024 1665 1222 1722; x_wconf 75' lang='grc' dir='ltr'><em>εὐλόγως</em></span> <span class='ocrx_word' id='word_1_172' title='bbox 1252 1664 1516 1725; x_wconf 79' lang='grc' dir='ltr'><em>προσκυνή-</em></span> 
     </span>
     <span class='ocr_line' id='line_1_22' title="bbox 99 1741 1515 1804; baseline 0.002 -20"><span class='ocrx_word' id='word_1_173' title='bbox 99 1757 226 1786; x_wconf 82' lang='grc' dir='ltr'><em>σαιεν</em></span> <span class='ocrx_word' id='word_1_174' title='bbox 256 1744 336 1786; x_wconf 82' lang='grc' dir='ltr'>τὸν</span> <span class='ocrx_word' id='word_1_175' title='bbox 367 1746 507 1787; x_wconf 81' lang='grc' dir='ltr'>οἱονεὶ</span> <span class='ocrx_word' id='word_1_176' title='bbox 545 1743 721 1801; x_wconf 78' lang='grc' dir='ltr'><em>βραχὺν</em></span> <span class='ocrx_word' id='word_1_177' title='bbox 752 1748 1012 1804; x_wconf 70' lang='grc' dir='ltr'><em>σπινθῆρα,</em></span> <span class='ocrx_word' id='word_1_178' title='bbox 1055 1741 1114 1793; x_wconf 82' lang='grc' dir='ltr'>ὠς</span> <span class='ocrx_word' id='word_1_179' title='bbox 1151 1742 1264 1801; x_wconf 71' lang='grc' dir='ltr'><strong><em>πρὸς</em></strong></span> <span class='ocrx_word' id='word_1_180' title='bbox 1303 1746 1404 1801; x_wconf 82' lang='grc' dir='ltr'>φῶς</span> <span class='ocrx_word' id='word_1_181' title='bbox 1433 1742 1515 1788; x_wconf 80' lang='grc' dir='ltr'>τὸν</span> 
     </span>
     <span class='ocr_line' id='line_1_23' title="bbox 96 1818 1511 1879; baseline -0.001 -16"><span class='ocrx_word' id='word_1_182' title='bbox 96 1819 208 1863; x_wconf 78' lang='grc' dir='ltr'>θεὸν</span> <span class='ocrx_word' id='word_1_183' title='bbox 239 1820 459 1873; x_wconf 75' lang='grc' dir='ltr'><em>ἀληθινοῦ</em></span> <span class='ocrx_word' id='word_1_184' title='bbox 492 1822 656 1877; x_wconf 73' lang='grc' dir='ltr'><em>φωτὸς,</em></span> <span class='ocrx_word' id='word_1_185' title='bbox 689 1822 738 1864; x_wconf 75' lang='grc' dir='ltr'>ἐν</span> <span class='ocrx_word' id='word_1_186' title='bbox 754 1820 878 1878; x_wconf 76' lang='grc' dir='ltr'><strong><em>ἡλίῳ,</em></strong></span> <span class='ocrx_word' id='word_1_187' title='bbox 912 1825 987 1864; x_wconf 81' lang='grc' dir='ltr'>καὶ</span> <span class='ocrx_word' id='word_1_188' title='bbox 1018 1819 1193 1879; x_wconf 76' lang='grc' dir='ltr'><em>σελήνῃ,</em></span> <span class='ocrx_word' id='word_1_189' title='bbox 1223 1824 1300 1863; x_wconf 82' lang='grc' dir='ltr'>καὶ</span> <span class='ocrx_word' id='word_1_190' title='bbox 1319 1818 1511 1876; x_wconf 76' lang='grc' dir='ltr'><em>ἄστροις.</em></span> 
     </span>
     <span class='ocr_line' id='line_1_24' title="bbox 97 1897 1514 1954; baseline 0.001 -17"><span class='ocrx_word' id='word_1_191' title='bbox 97 1897 262 1937; x_wconf 78' lang='lat' dir='ltr'>Ibidem</span> <span class='ocrx_word' id='word_1_192' title='bbox 293 1897 410 1938; x_wconf 83' lang='lat' dir='ltr'>addit</span> <span class='ocrx_word' id='word_1_193' title='bbox 428 1897 514 1937; x_wconf 81' lang='lat' dir='ltr'>Dei</span> <span class='ocrx_word' id='word_1_194' title='bbox 545 1914 674 1953; x_wconf 85' lang='lat' dir='ltr'>opera</span> <span class='ocrx_word' id='word_1_195' title='bbox 704 1914 727 1938; x_wconf 86' lang='lat' dir='ltr'>a</span> <span class='ocrx_word' id='word_1_196' title='bbox 756 1915 799 1939; x_wconf 91' lang='lat' dir='ltr'>se</span> <span class='ocrx_word' id='word_1_197' title='bbox 819 1915 905 1939; x_wconf 90' lang='lat' dir='ltr'>non</span> <span class='ocrx_word' id='word_1_198' title='bbox 925 1897 1122 1954; x_wconf 85' lang='lat' dir='ltr'>deprimi,</span> <span class='ocrx_word' id='word_1_199' title='bbox 1153 1898 1226 1938; x_wconf 89' lang='lat' dir='ltr'>sed</span> <span class='ocrx_word' id='word_1_200' title='bbox 1250 1899 1514 1954; x_wconf 81' lang='lat' dir='ltr'>exploratum</span> 
     </span>
     <span class='ocr_line' id='line_1_25' title="bbox 97 1974 1520 2032; baseline 0.004 -18"><span class='ocrx_word' id='word_1_201' title='bbox 97 1974 176 2015; x_wconf 88' lang='lat' dir='ltr'>sibi</span> <span class='ocrx_word' id='word_1_202' title='bbox 209 1990 310 2022; x_wconf 87' lang='lat' dir='ltr'>esse,</span> <span class='ocrx_word' id='word_1_203' title='bbox 340 1974 436 2016; x_wconf 70' lang='lat' dir='ltr'>Dee·</span> <span class='ocrx_word' id='word_1_204' title='bbox 461 1977 642 2031; x_wconf 68' lang='lat' dir='ltr'>esusque</span> <span class='ocrx_word' id='word_1_205' title='bbox 680 1975 925 2032; x_wconf 65' lang='lat' dir='ltr'>Umgeuz&#39;tz‘</span> <span class='ocrx_word' id='word_1_206' title='bbox 961 1974 1255 2017; x_wconf 70' lang='lat' dir='ltr'>divinitatem</span> <span class='ocrx_word' id='word_1_207' title='bbox 1284 1975 1520 2029; x_wconf 60' lang='lat' dir='ltr'>ineffabili</span> 
     </span>
     <span class='ocr_line' id='line_1_26' title="bbox 91 2052 1270 2107; baseline 0.003 -16"><span class='ocrx_word' id='word_1_208' title='bbox 91 2052 395 2107; x_wconf 75' lang='lat' dir='ltr'>praestantia</span> <span class='ocrx_word' id='word_1_209' title='bbox 425 2054 588 2093; x_wconf 74' lang='lat' dir='ltr'>ceteris</span> <span class='ocrx_word' id='word_1_210' title='bbox 617 2055 824 2094; x_wconf 75' lang='lat' dir='ltr'>omnibus</span> <span class='ocrx_word' id='word_1_211' title='bbox 853 2065 946 2094; x_wconf 78' lang='lat' dir='ltr'>esse</span> <span class='ocrx_word' id='word_1_212' title='bbox 973 2054 1270 2107; x_wconf 74' lang='lat' dir='ltr'>superiorem.</span> 
     </span>
    </p>

    <p class='ocr_par' dir='ltr' id='par_1_4' title="bbox 98 2128 1516 2650">
     <span class='ocr_line' id='line_1_27' title="bbox 209 2128 1515 2182; baseline 0.001 -13"><span class='ocrx_word' id='word_1_213' title='bbox 209 2128 349 2169; x_wconf 87' lang='lat' dir='ltr'>Unam</span> <span class='ocrx_word' id='word_1_214' title='bbox 388 2145 486 2182; x_wconf 86' lang='lat' dir='ltr'>ergo</span> <span class='ocrx_word' id='word_1_215' title='bbox 526 2129 569 2169; x_wconf 88' lang='lat' dir='ltr'>in</span> <span class='ocrx_word' id='word_1_216' title='bbox 600 2130 725 2171; x_wconf 86' lang='lat' dir='ltr'>Patre</span> <span class='ocrx_word' id='word_1_217' title='bbox 767 2142 806 2171; x_wconf 90' lang='lat' dir='ltr'>et</span> <span class='ocrx_word' id='word_1_218' title='bbox 836 2129 953 2170; x_wconf 87' lang='lat' dir='ltr'>Filio</span> <span class='ocrx_word' id='word_1_219' title='bbox 985 2128 1262 2177; x_wconf 85' lang='lat' dir='ltr'>divinitatem,</span> <span class='ocrx_word' id='word_1_220' title='bbox 1290 2145 1417 2170; x_wconf 84' lang='lat' dir='ltr'>unam</span> <span class='ocrx_word' id='word_1_221' title='bbox 1447 2130 1515 2170; x_wconf 90' lang='lat' dir='ltr'>lu-</span> 
     </span>
     <span class='ocr_line' id='line_1_28' title="bbox 98 2205 1516 2264; baseline 0.001 -18"><span class='ocrx_word' id='word_1_222' title='bbox 98 2222 189 2246; x_wconf 86' lang='lat' dir='ltr'>cem</span> <span class='ocrx_word' id='word_1_223' title='bbox 220 2205 406 2257; x_wconf 75' lang='lat' dir='ltr'>agnoscit</span> <span class='ocrx_word' id='word_1_224' title='bbox 442 2207 666 2260; x_wconf 84' lang='lat' dir='ltr'>Origenes,</span> <span class='ocrx_word' id='word_1_225' title='bbox 698 2220 822 2264; x_wconf 83' lang='lat' dir='ltr'>atque</span> <span class='ocrx_word' id='word_1_226' title='bbox 854 2208 935 2249; x_wconf 87' lang='lat' dir='ltr'>hoe</span> <span class='ocrx_word' id='word_1_227' title='bbox 964 2217 1211 2259; x_wconf 81' lang='lat' dir='ltr'>argumento</span> <span class='ocrx_word' id='word_1_228' title='bbox 1241 2206 1410 2256; x_wconf 90' lang='lat' dir='ltr'>nititur,</span> <span class='ocrx_word' id='word_1_229' title='bbox 1442 2223 1516 2248; x_wconf 89' lang='lat' dir='ltr'>cur</span> 
     </span>
     <span class='ocr_line' id='line_1_29' title="bbox 98 2283 1514 2339; baseline 0 -15"><span class='ocrx_word' id='word_1_230' title='bbox 98 2283 237 2324; x_wconf 85' lang='lat' dir='ltr'>Filius</span> <span class='ocrx_word' id='word_1_231' title='bbox 270 2299 365 2323; x_wconf 90' lang='lat' dir='ltr'>cum</span> <span class='ocrx_word' id='word_1_232' title='bbox 395 2284 518 2324; x_wconf 88' lang='lat' dir='ltr'>Patre</span> <span class='ocrx_word' id='word_1_233' title='bbox 550 2286 732 2326; x_wconf 87' lang='lat' dir='ltr'>orandus</span> <span class='ocrx_word' id='word_1_234' title='bbox 765 2297 805 2326; x_wconf 86' lang='lat' dir='ltr'>et</span> <span class='ocrx_word' id='word_1_235' title='bbox 834 2285 1070 2326; x_wconf 88' lang='lat' dir='ltr'>adorandus</span> <span class='ocrx_word' id='word_1_236' title='bbox 1101 2285 1167 2332; x_wconf 88' lang='lat' dir='ltr'>sit,</span> <span class='ocrx_word' id='word_1_237' title='bbox 1197 2299 1244 2323; x_wconf 87' lang='lat' dir='ltr'>ac</span> <span class='ocrx_word' id='word_1_238' title='bbox 1268 2283 1376 2324; x_wconf 88' lang='lat' dir='ltr'>nulli</span> <span class='ocrx_word' id='word_1_239' title='bbox 1391 2300 1514 2339; x_wconf 89' lang='lat' dir='ltr'>pror-</span> 
     </span>
     <span class='ocr_line' id='line_1_30' title="bbox 98 2359 1515 2403; baseline 0.001 -2"><span class='ocrx_word' id='word_1_240' title='bbox 98 2377 166 2401; x_wconf 89' lang='lat' dir='ltr'>sus</span> <span class='ocrx_word' id='word_1_241' title='bbox 196 2359 259 2400; x_wconf 85' lang='lat' dir='ltr'>rei</span> <span class='ocrx_word' id='word_1_242' title='bbox 290 2371 450 2401; x_wconf 83' lang='lat' dir='ltr'>creatae</span> <span class='ocrx_word' id='word_1_243' title='bbox 481 2363 660 2403; x_wconf 89' lang='lat' dir='ltr'>eundem</span> <span class='ocrx_word' id='word_1_244' title='bbox 693 2363 847 2403; x_wconf 88' lang='lat' dir='ltr'>habere</span> <span class='ocrx_word' id='word_1_245' title='bbox 878 2363 1086 2403; x_wconf 90' lang='lat' dir='ltr'>honorem</span> <span class='ocrx_word' id='word_1_246' title='bbox 1118 2360 1253 2401; x_wconf 84' lang='lat' dir='ltr'>liceat.</span> <span class='ocrx_word' id='word_1_247' title='bbox 1306 2361 1515 2403; x_wconf 85' lang='lat' dir='ltr'>Similiter</span> 
     </span>
     <span class='ocr_line' id='line_1_31' title="bbox 99 2437 1514 2496; baseline 0.002 -19"><span class='ocrx_word' id='word_1_248' title='bbox 99 2438 144 2478; x_wconf 88' lang='lat' dir='ltr'>in</span> <span class='ocrx_word' id='word_1_249' title='bbox 173 2437 246 2478; x_wconf 88' lang='lat' dir='ltr'>lib.</span> <span class='ocrx_word' id='word_1_250' title='bbox 278 2438 392 2479; x_wconf 84' lang='lat' dir='ltr'>VIII.</span> <span class='ocrx_word' id='word_1_251' title='bbox 424 2454 540 2481; x_wconf 86' lang='lat' dir='ltr'>num.</span> <span class='ocrx_word' id='word_1_252' title='bbox 573 2439 636 2483; x_wconf 88' lang='lat'>13.</span> <span class='ocrx_word' id='word_1_253' title='bbox 681 2439 898 2496; x_wconf 87' lang='lat' dir='ltr'>quaerenti</span> <span class='ocrx_word' id='word_1_254' title='bbox 931 2439 1080 2488; x_wconf 86' lang='lat' dir='ltr'>Celso,</span> <span class='ocrx_word' id='word_1_255' title='bbox 1121 2453 1216 2487; x_wconf 90' lang='lat' dir='ltr'>cur,</span> <span class='ocrx_word' id='word_1_256' title='bbox 1256 2453 1351 2480; x_wconf 89' lang='lat' dir='ltr'>cum</span> <span class='ocrx_word' id='word_1_257' title='bbox 1394 2438 1514 2480; x_wconf 84' lang='lat' dir='ltr'>Chri-</span> 
     </span>
     <span class='ocr_line' id='line_1_32' title="bbox 99 2514 1514 2565; baseline 0.002 -10"><span class='ocrx_word' id='word_1_258' title='bbox 99 2527 210 2556; x_wconf 87' lang='lat' dir='ltr'>stum</span> <span class='ocrx_word' id='word_1_259' title='bbox 243 2515 434 2556; x_wconf 88' lang='lat' dir='ltr'>colerent</span> <span class='ocrx_word' id='word_1_260' title='bbox 474 2531 570 2556; x_wconf 88' lang='lat' dir='ltr'>cum</span> <span class='ocrx_word' id='word_1_261' title='bbox 608 2517 704 2557; x_wconf 90' lang='lat' dir='ltr'>Deo</span> <span class='ocrx_word' id='word_1_262' title='bbox 734 2518 860 2559; x_wconf 89' lang='lat' dir='ltr'>Patre</span> <span class='ocrx_word' id='word_1_263' title='bbox 893 2514 1138 2565; x_wconf 83' lang='lat' dir='ltr'>Christiani,</span> <span class='ocrx_word' id='word_1_264' title='bbox 1175 2515 1387 2556; x_wconf 83' lang='lat' dir='ltr'>ministros</span> <span class='ocrx_word' id='word_1_265' title='bbox 1427 2517 1514 2558; x_wconf 85' lang='lat' dir='ltr'>Dei</span> 
     </span>
     <span class='ocr_line' id='line_1_33' title="bbox 101 2592 1513 2650; baseline 0.003 -18"><span class='ocrx_word' id='word_1_266' title='bbox 101 2592 242 2633; x_wconf 85' lang='lat' dir='ltr'>colere</span> <span class='ocrx_word' id='word_1_267' title='bbox 279 2592 467 2643; x_wconf 89' lang='lat' dir='ltr'>nollent,</span> <span class='ocrx_word' id='word_1_268' title='bbox 511 2592 569 2633; x_wconf 91' lang='lat' dir='ltr'>sic</span> <span class='ocrx_word' id='word_1_269' title='bbox 606 2596 837 2650; x_wconf 87' lang='lat' dir='ltr'>respondet</span> <span class='ocrx_word' id='word_1_270' title='bbox 877 2593 1102 2646; x_wconf 84' lang='lat' dir='ltr'>Origenes,</span> <span class='ocrx_word' id='word_1_271' title='bbox 1147 2603 1194 2633; x_wconf 90' lang='lat' dir='ltr'>ut</span> <span class='ocrx_word' id='word_1_272' title='bbox 1232 2593 1387 2647; x_wconf 80' lang='lat' dir='ltr'>angelis</span> <span class='ocrx_word' id='word_1_273' title='bbox 1423 2610 1513 2636; x_wconf 88' lang='lat' dir='ltr'>non</span> 
     </span>
    </p>
   </div>
   <div class='ocr_carea' id='block_1_3' title="bbox 100 2670 1512 2727">
    <p class='ocr_par' dir='ltr' id='par_1_5' title="bbox 100 2670 1512 2727">
     <span class='ocr_line' id='line_1_34' title="bbox 100 2670 1512 2727; baseline 0.001 -17"><span class='ocrx_word' id='word_1_274' title='bbox 100 2686 271 2711; x_wconf 87' lang='lat' dir='ltr'>omnem</span> <span class='ocrx_word' id='word_1_275' title='bbox 302 2670 473 2726; x_wconf 89' lang='lat' dir='ltr'>quidem</span> <span class='ocrx_word' id='word_1_276' title='bbox 504 2671 664 2712; x_wconf 84' lang='lat' dir='ltr'>cultum</span> <span class='ocrx_word' id='word_1_277' title='bbox 695 2684 738 2713; x_wconf 90' lang='lat' dir='ltr'>et</span> <span class='ocrx_word' id='word_1_278' title='bbox 766 2672 988 2722; x_wconf 85' lang='lat' dir='ltr'>honorem,</span> <span class='ocrx_word' id='word_1_279' title='bbox 1017 2671 1091 2712; x_wconf 86' lang='lat' dir='ltr'>sed</span> <span class='ocrx_word' id='word_1_280' title='bbox 1110 2686 1209 2712; x_wconf 86' lang='lat' dir='ltr'>eum</span> <span class='ocrx_word' id='word_1_281' title='bbox 1231 2682 1408 2722; x_wconf 83' lang='lat' dir='ltr'>tantum,</span> <span class='ocrx_word' id='word_1_282' title='bbox 1439 2671 1512 2727; x_wconf 85' lang='lat' dir='ltr'>qui</span> 
     </span>
    </p>
   </div>
   <div class='ocr_carea' id='block_1_4' title="bbox 99 2776 323 2781">
    <p class='ocr_par' dir='ltr' id='par_1_6' title="bbox 99 2776 323 2781">
     <span class='ocr_line' id='line_1_35' title="bbox 99 2776 323 2781; baseline 0 0"><span class='ocrx_word' id='word_1_283' title='bbox 99 2776 323 2781; x_wconf 95' lang='lat' dir='ltr'> </span> 
     </span>
    </p>
   </div>
   <div class='ocr_carea' id='block_1_5' title="bbox 213 2829 1364 2887">
    <p class='ocr_par' dir='ltr' id='par_1_7' title="bbox 213 2829 1364 2887">
     <span class='ocr_line' id='line_1_36' title="bbox 213 2829 1364 2887; baseline 0.002 -17"><span class='ocrx_word' id='word_1_284' title='bbox 213 2833 254 2886; x_wconf 85' lang='lat'>¹)</span> <span class='ocrx_word' id='word_1_285' title='bbox 284 2831 358 2871; x_wconf 88' lang='lat' dir='ltr'>Ev.</span> <span class='ocrx_word' id='word_1_286' title='bbox 389 2830 539 2872; x_wconf 85' lang='lat' dir='ltr'>Joann.</span> <span class='ocrx_word' id='word_1_287' title='bbox 575 2831 607 2878; x_wconf 86' lang='lat' dir='ltr'>I,</span> <span class='ocrx_word' id='word_1_288' title='bbox 635 2829 670 2872; x_wconf 81' lang='grc'>9.</span> <span class='ocrx_word' id='word_1_289' title='bbox 788 2833 831 2887; x_wconf 83' lang='lat'>²)</span> <span class='ocrx_word' id='word_1_290' title='bbox 864 2832 937 2871; x_wconf 81' lang='lat' dir='ltr'>Ev.</span> <span class='ocrx_word' id='word_1_291' title='bbox 971 2833 1122 2873; x_wconf 86' lang='lat' dir='ltr'>Joann.</span> <span class='ocrx_word' id='word_1_292' title='bbox 1154 2833 1269 2878; x_wconf 88' lang='lat' dir='ltr'>VIII,</span> <span class='ocrx_word' id='word_1_293' title='bbox 1300 2832 1364 2872; x_wconf 74' lang='lat'>¹12.</span> 
     </span>
    </p>
   </div>
  </div>
 </body>
</html>
