1759 3125
249 106 305 151 32
666 103 804 144 Pmm
843 103 1059 143 DANmms
1089 101 1250 142 Ηυετιι

251 221 334 271 m‘t,
365 218 569 259 (lm‘mum
600 214 783 272 adjecit.
833 214 953 268 Quae
985 213 1073 254 illic
1104 213 1227 254 habet
1260 212 1423 262 Suidas,
1457 229 1476 253 e
1511 212 1670 253 Graeca

248 294 463 337 transtulit
492 293 835 348 interpretatione
866 290 1193 346 Ilieronymiani
1235 289 1374 345 operis
1408 291 1459 331 de
1492 291 1672 345 scripto-

250 374 365 415 ribus
397 370 700 420 ecclesiasticis,
730 369 803 409 ubi
834 368 1027 424 proxime
1059 368 1239 407 adducta
1264 366 1515 425 Hieronymi
1547 369 1672 407 verba

251 451 310 492 sic
340 449 503 490 reddita
535 460 651 489 sunt:
695 445 805 490 ὥστε
838 449 913 489 καὶ
944 444 1026 499 τὴν
1058 442 1273 499 ἑβραϊκὴν
1305 443 1503 494 διάλεξιν
1536 446 1666 488 ἔναι’-

249 530 494 583 τιουμείἠν
523 529 571 586 τῇ
602 541 646 569 τε
676 523 847 580 ἡλικίᾳ,
891 525 964 565 καὶ
1004 524 1053 582 τῇ
1095 524 1238 576 οἰκείᾳ
1269 518 1403 577 φύσει
1436 522 1672 578 ἐκμαθεῖν.

253 604 385 658 Quod
427 605 478 644 de
518 603 824 644 Alexandrinae
865 599 998 653 gentis
1046 610 1192 639 natura
1232 599 1334 640 dixit
1374 600 1671 656 Hieronymus,

250 697 355 738 quae
385 680 497 737 juxta
528 681 788 721 Graecorum
823 677 1011 718 omnium
1057 676 1406 716 consuetudinem
1437 675 1671 727 linguarum

252 758 508 800 exolicarum
547 757 741 797 notitiam
776 755 1092 804 contemnebat,
1133 753 1177 794 id
1220 754 1272 794 ad
1309 752 1501 805 Origenis
1541 752 1672 808 ipsius

249 848 441 877 naturam
471 835 674 890 interpres
705 833 885 888 pessime
917 831 1074 872 retulit.
1141 830 1265 871 Unde
1296 831 1407 871 sraus
1439 828 1593 871 Suidae
1625 844 1672 869 ac

250 912 683 966 Magdeburgensibus
715 911 837 950 facta.

364 992 433 1031 IV.
494 989 651 1044 Erat¹)
690 1004 768 1043 per
806 987 850 1027 id
889 998 1055 1041 tempus
1096 984 1372 1025 Alexandriae
1410 984 1473 1025 vir
1516 984 1668 1039 opibus

249 1085 296 1109 ac
327 1067 528 1120 dignitate
556 1067 734 1114 florens,
763 1063 930 1116 ingenio
971 1062 1096 1103 etiam
1136 1073 1344 1116 spectatus
1384 1074 1425 1102 et
1464 1061 1668 1103 doctrina.

250 1146 375 1187 Hunc
391 1143 606 1185 Valentini
639 1158 796 1191 errore,
829 1141 901 1198 qui
931 1153 1032 1181 tunc
1063 1139 1105 1179 in
1123 1142 1315 1196 Aegypto
1349 1139 1525 1191 vigebat,
1557 1141 1671 1181 Mar-

253 1222 386 1263 cionis
416 1222 511 1271 alii,
549 1219 805 1275 implicitum
846 1219 972 1259 fuisse
1015 1217 1215 1258 scribunt.
1285 1216 1523 1257 Commode
1568 1216 1672 1256 utri-

252 1316 353 1355 que:
386 1298 565 1339 maxima
593 1296 804 1353 siquidem
843 1295 1060 1350 utriusque
1098 1295 1320 1335 haereseos
1359 1293 1538 1334 affinitas
1580 1291 1673 1342 suit,

251 1378 582 1432 dogmatumque
615 1390 851 1415 consensus.
903 1371 1190 1414 sabellianum
1214 1370 1338 1411 fuisse
1357 1370 1527 1426 quidam
1546 1370 1671 1410 etiam

251 1454 557 1510 prodiderunt:
597 1453 680 1493 hoc
719 1463 781 1491 est
823 1450 1102 1501 Noetianum3
1151 1448 1360 1490 sabellius
1401 1447 1559 1504 quippe
1592 1459 1672 1488 sta-

250 1532 327 1572 tim
358 1542 456 1586 post
487 1529 682 1582 Origenis
725 1529 890 1569 obitum
923 1527 1050 1568 Noeti
1089 1526 1379 1583 praeceptoris
1415 1524 1478 1565 sui
1522 1524 1674 1565 delira-

249 1621 391 1650 menta
429 1608 661 1650 renovavit.
735 1608 897 1649 Crebro
943 1606 995 1645 ad
1035 1604 1264 1656 Origenem
1302 1602 1532 1642 ventitabat
1572 1603 1674 1641 Am-

249 1687 414 1728 brosius
456 1702 551 1726 cum
582 1685 673 1726 aliis
704 1684 858 1740 partim
892 1681 1133 1732 haereticis,
1176 1681 1331 1738 partim
1374 1678 1548 1721 ethnicis
1579 1678 1673 1734 phi·

249 1763 465 1819 losophis,
511 1762 584 1818 qui
633 1751 923 1802 virinomine
976 1777 1023 1800 ac
1073 1759 1267 1800 doctrina
1312 1757 1672 1813 pertrahebantur.

248 1844 356 1883 Nam
387 1857 529 1881 rerum
562 1838 796 1880 divinarum
838 1837 1103 1878 documentis
1145 1835 1448 1891 Philosophiae
1488 1850 1672 1890 quoque,

249 1917 644 1960 blathematicarum
685 1928 727 1956 et
766 1917 1042 1955 humanarum
1082 1914 1402 1969 disciplinarum
1447 1923 1672 1968 praecepta

249 2011 491 2051 aspergens,
531 1993 744 2033 auditores
786 1993 1006 2032 erudiebat
1045 2008 1125 2047 pro
1167 1990 1493 2047 uniuscujusque
1526 2001 1671 2044 captu:

248 2090 328 2115 nec
364 2088 512 2129 parum
551 2071 600 2110 iis
643 2069 847 2109 doctrinis
885 2070 1019 2109 inesse
1061 2069 1253 2108 censebat
1292 2069 1343 2108 ad
1391 2084 1503 2108 sacra
1535 2067 1670 2122 perci-

247 2150 404 2208 pienda
436 2146 684 2204 adjumenti.
750 2146 958 2185 Adversus
999 2145 1109 2185 hunc
1151 2145 1206 2185 ita
1247 2147 1424 2185 affectus
1469 2157 1531 2185 est
1572 2146 1670 2185 Am-

247 2227 436 2276 brosius,
484 2237 534 2265 ut
572 2223 740 2280 ejuratis
782 2223 994 2262 erroribus
1033 2222 1189 2263 saniori
1230 2223 1419 2264 doctrina
1450 2223 1670 2264 instituen-

250 2306 349 2345 dum
384 2303 420 2343 ei
451 2318 494 2342 se
533 2302 738 2349 traderet,
785 2300 836 2339 ad
876 2298 1046 2356 ejusque
1086 2300 1331 2340 societatem
1374 2317 1463 2342 sese
1500 2301 1668 2356 penitus

247 2382 492 2438 applicaret.
560 2379 682 2419 Tunc
729 2377 956 2432 imperasse
1004 2377 1261 2417 Caracallam
1310 2377 1496 2430 agnoscit
1533 2378 1670 2418 Baro-

246 2459 412 2514 nius‚²)
454 2473 547 2497 cum
587 2456 637 2496 ad
673 2455 826 2495 Christi
868 2455 996 2495 fidem
1035 2471 1259 2496 conversus
1299 2467 1360 2495 est
1397 2455 1664 2498 Ambrosius.

247 2538 369 2578 Idem
398 2547 538 2576 tamen
571 2533 798 2584 Origenem
831 2533 969 2573 Roma
1000 2532 1297 2572 Alexandriam
1335 2532 1508 2573 rediisse
1539 2534 1666 2573 dOcet

245 2612 472 2669 postremis
502 2610 735 2668 Zephyrini
765 2611 1042 2665 temporibus,
1074 2626 1218 2650 recens
1249 2612 1404 2665 adepto
1436 2610 1664 2665 imperium

368 2780 406 2835 ¹)
441 2779 529 2820 Cfr.
559 2779 712 2819 Euseb.
744 2779 852 2819 Hist.
884 2779 1034 2820 eccles.
1068 2778 1141 2819 lib.
1172 2779 1244 2819 VI.
1280 2794 1366 2833 cap.
1401 2779 1466 2822 18.

363 2850 406 2905 ²)
440 2849 526 2893 Cfr.
559 2849 715 2892 Baron.
749 2850 801 2890 ad
832 2865 923 2890 ann.
955 2848 1049 2891 220,
1078 2865 1190 2889 nuni.
1225 2848 1263 2889 6.
1297 2860 1337 2889 et
1369 2850 1436 2892 12.
