1759 3125
279 56 363 102 308
698 52 842 95 Pss'rm
872 53 1086 94 DAmems
1117 52 1283 95 Ηυξ-,ΤΠ

280 169 430 213 Πάλιν
462 168 510 213 δὲ
541 165 713 211 τούτων
741 170 833 212 τῶν
862 163 1020 211 dmm
1051 164 1151 210 ὅσαι
1183 166 1271 226 μὲν
1303 167 1353 209 ἐν
1383 170 1475 214 τοῖς
1497 170 1701 225 περιγεί-

282 242 347 296 οις
379 249 463 291 εἶσὶ
496 248 544 306 τῇ
578 249 795 300 κοινωνίᾳ
825 247 875 305 τῇ
913 236 1027 300 πρὸς
1064 241 1168 292 τοὺς
1207 241 1484 299 ἀνθρώπους
1513 246 1617 302 περὶ
1646 242 1701 287 τὰ

279 328 481 382 πρακτέα
511 321 894 382 καταγινόμεναι,
935 318 1116 379 μᾶλλόν
1152 323 1238 365 εἰσι
1279 323 1370 364 τῶν
1412 317 1562 364 ἄλλων
1600 338 1702 380 τρε-

279 407 416 446 πταί·
461 399 563 444 ὅσαι
596 401 644 444 δὲ
676 400 730 443 δι’
766 398 991 456 ἀκρότητα
1024 415 1051 455 q
1066 396 1205 446 ὐσεως
1235 399 1296 454 τῷ
1327 400 1419 455 θεῷ
1451 397 1563 441 κατὰ
1596 401 1703 455 σχέ-

282 496 356 524 σιν
386 477 703 533 πλησιάζουσι,
748 481 824 520 καὶ
862 479 913 537 τῇ
956 473 1117 519 τούτου
1157 475 1428 528 κατανοήσει
1467 475 1514 520 τὸ
1546 474 1704 533 μακά-

284 573 384 615 ριον
433 558 717 614 καρποῦνται
763 552 877 612 πρὸς
929 550 1092 602 ἑαυτὰς
1140 555 1217 596 καὶ
1270 551 1351 596 τὸν
1394 552 1508 597 θεὸν
1555 551 1705 610 μόνον

283 636 614 695 ἐστραμμέναι,
659 636 751 676 τῶν
793 631 882 688 μὲν
919 631 1138 689 πρακτῶν
1176 632 1252 674 καὶ
1283 630 1360 685 τῆς
1390 628 1496 684 ὕλης
1524 629 1704 673 παντά-

281 727 425 758 πασιν
456 709 618 760 ἑαυτὰς
648 709 1040 768 ἀπηλλοτρίωσαν,
1070 710 1122 768 τῇ
1155 708 1206 751 δὲ
1236 712 1407 766 θεωρίᾳ
1438 709 1592 764 καὶτῷ
1611 709 1705 763 θεῷ

280 794 646 849 προςῳκείωσαν,
678 790 899 843 μένουσιν
929 781 1154 843 ι’ἒτρεπτοι.
1217 784 1333 839 Quid
1375 786 1491 841 quod
1521 786 1706 826 Joannes

280 869 568 909 Damascenus
605 864 702 908 libr.
741 864 780 909 3.
828 864 879 905 de
921 863 1146 905 orthodox.
1186 862 1257 904 fid.
1302 879 1391 918 cap.
1429 863 1468 906 4.
1512 862 1705 916 angelum

283 961 380 986 eum
411 958 619 1000 peccasse,
652 953 694 983 et
724 942 766 983 in
797 942 1020 983 Tartarum
1052 941 1271 982 detrusum
1302 939 1431 981 fuisse
1462 941 1602 991 docet,
1633 939 1705 996 qui

278 1021 487 1064 terrestris
519 1020 680 1062 ordinis
716 1019 1002 1077 principatum
1040 1019 1232 1069 tenebat,
1271 1017 1422 1074 cuique
1462 1017 1705 1059 custodien-

281 1099 359 1140 dae
389 1110 525 1140 terrae
557 1114 654 1139 cura
685 1114 707 1139 a
736 1098 834 1138 Deo
867 1095 1090 1138 commissa
1118 1094 1285 1137 fuerat?
1329 1094 1706 1136 Germanissimum

281 1193 383 1219 vero
418 1175 734 1229 origenismum
765 1173 932 1231 sapiunt
961 1173 1035 1214 illa
1064 1172 1256 1227 Evagrii:
1292 1171 1520 1216 ‘'Exactov
1550 1171 1704 1230 τάγμα

280 1255 371 1298 τῶν
401 1253 631 1309 οὐρανίων
660 1249 928 1305 δυνάμεων,
961 1247 988 1304 ἢ
1020 1248 1129 1295 ὅλον
1159 1251 1208 1294 ἐκ
1240 1253 1330 1294 τῶν
1360 1249 1506 1306 κάτω,
1542 1247 1564 1306 ἢ
1598 1248 1706 1294 ὅλον
1740 1268 1759 1305 ·;

282 1332 360 1375 ἐπὶ
390 1332 480 1374 τῶν
510 1326 620 1380 ἄνω,
652 1326 679 1384 ἢ
710 1329 759 1372 ἐκ
790 1330 881 1371 τῶν
911 1323 1029 1377 ἅνω,
1069 1330 1147 1370 καὶ
1190 1329 1267 1371 ἐπὶ
1298 1330 1386 1372 τῶν
1416 1326 1535 1371 κάτω
1568 1332 1705 1371 σι’νέ-
1758 1356 1759 1361 =

283 1423 426 1462 στηκε.
488 1407 631 1447 Multo
666 1421 765 1446 vero
797 1403 926 1457 magis
958 1404 1051 1446 illa:
1089 1404 1165 1456 Ἐξ
1204 1404 1446 1463 ἀγγελιχῆς
1476 1403 1705 1448 mamus}-

287 1501 397 1534 σεως
427 1485 503 1527 καὶ
544 1483 879 1541 ἀρχαγγελικῆς
918 1480 1088 1539 ψυχικὴ
1130 1482 1401 1533 κατάστασις
1431 1488 1626 1541 γίνεται·
1658 1484 1708 1527 ἐκ
1758 1514 1759 1519 ,

285 1564 334 1607 δὲ
366 1565 440 1616 τῆς
471 1563 668 1618 ψυχικῆς
706 1557 1015 1616 δαιμονιώδης
1046 1562 1121 1602 καὶ
1154 1559 1447 1618 ἀνθρωπίνη·
1480 1563 1528 1605 ἐκ
1559 1563 1607 1605 δὲ
1634 1564 1709 1616 τῆς

281 1641 581 1697 ἀνθρωπίνης
633 1635 822 1696 ἅῇκγελοι
889 1638 1030 1681 πάλιν
1083 1639 1158 1680 καὶ
1213 1640 1430 1695 δαίμονες
1486 1645 1705 1697 γίνονται.
1757 1660 1759 1679 1

279 1712 521 1774 Uirumque
562 1717 707 1757 locum
744 1715 918 1757 adducit
955 1715 1165 1757 Maximus
1205 1714 1248 1756 in
1281 1733 1371 1773 cap.
1404 1717 1442 1760 6.
1509 1717 1706 1776 Dionysii
1753 1719 1759 1768 ,3

279 1798 333 1838 de
364 1796 512 1837 eccles.
542 1794 757 1847 Hierarch.
816 1794 951 1835 Favet
982 1792 1120 1833 eidem
1151 1794 1348 1850 opinioni
1379 1796 1430 1836 de
1461 1796 1706 1850 angelorum

280 1872 572 1930 progressibus
613 1883 654 1912 et
685 1870 1032 1912 conversionibus
1062 1872 1268 1913 sententia
1299 1874 1503 1928 quaedam
1536 1872 1706 1914 Tertul-

282 1950 394 1990 liano
427 1950 478 1990 ab
509 1948 743 2002 Augustino
767 1949 803 2004 ¹)
837 1949 1000 1999 afficta,
1040 1966 1146 2005 quae
1186 1950 1341 1991 animas
1381 1950 1601 1991 hominum
1632 1967 1704 1990 ne·

280 2043 405 2083 quam
435 2037 534 2082 post
573 2038 757 2067 mortem
797 2026 839 2066 in
872 2027 1100 2068 daemones
1140 2043 1388 2068 conversum
1420 2027 1471 2068 iri
1502 2028 1702 2070 decernit.

281 2104 551 2159 Quamquam
582 2103 625 2143 in
655 2102 993 2144 Tertullianistas
1038 2103 1195 2144 crimen
1236 2103 1346 2145 istud
1378 2105 1541 2146 derivat
1568 2105 1703 2147 lsido-

280 2199 352 2223 rus
382 2180 478 2222 libr.
508 2180 548 2224 8.
581 2180 699 2233 Orig.
732 2197 819 2236 cap.
851 2180 890 2223 6.
949 2180 1031 2222 Hic
1070 2181 1182 2237 ipse,
1223 2197 1350 2236 quem
1392 2182 1509 2233 dico,
1550 2182 1703 2238 Hispa-

282 2259 407 2300 lensis
437 2257 625 2299 Isidorus
641 2257 846 2298 nonnulla
865 2256 992 2298 habet
1015 2257 1330 2310 Origenismum
1364 2259 1521 2301 olentia
1550 2260 1644 2302 libr.
1662 2261 1700 2303 7.

282 2336 399 2389 Orig.
439 2352 526 2392 cap.
568 2335 607 2378 5.
675 2334 963 2391 Angelorum
1014 2343 1169 2378 autem
1216 2334 1507 2390 vocabulum,
1555 2337 1707 2394 officii

279 2427 442 2457 nomen
491 2419 582 2464 est,
627 2425 719 2454 non
757 2419 984 2455 naturae:
1033 2412 1149 2468 cujus
1188 2415 1452 2468 pronuntiati
1488 2416 1697 2457 rationem

279 2494 384 2533 hanc
414 2492 559 2532 affert:
599 2488 786 2546 Semper
825 2491 946 2531 enim
976 2491 1166 2546 spiritus
1195 2498 1325 2541 sunt,
1355 2489 1438 2533 sed
1463 2505 1563 2533 cum
1593 2496 1697 2535 mit-

275 2576 454 2622 tuntur,
486 2573 712 2610 vocantur
749 2566 917 2624 angeli.
986 2568 1123 2618 Vero,
1163 2569 1237 2610 sed
1278 2570 1330 2610 de
1368 2570 1540 2611 nomine
1574 2587 1697 2627 quae—

274 2648 456 2689 stionem
493 2646 619 2686 habet
661 2644 859 2686 Isidorus.
936 2645 1138 2699 Origenes
1179 2658 1319 2688 autem
1359 2649 1532 2689 eandem
1576 2650 1694 2691 locu-

391 2800 430 2855 ¹)
463 2800 549 2843 Cfr.
585 2801 802 2854 Augustin.
839 2799 910 2842 lib.
945 2801 996 2841 de
1027 2800 1198 2845 Ham-es.
1234 2819 1324 2859 cap.
1356 2800 1422 2844 86.
