<?xml version="1.0" encoding="UTF-8"?>
<!DOCTYPE html PUBLIC "-//W3C//DTD XHTML 1.0 Transitional//EN"
    "http://www.w3.org/TR/xhtml1/DTD/xhtml1-transitional.dtd">
<html xmlns="http://www.w3.org/1999/xhtml" xml:lang="en" lang="en">
 <head>
  <title>
</title>
<meta http-equiv="Content-Type" content="text/html;charset=utf-8" />
  <meta name='ocr-system' content='tesseract 3.04.00' />
  <meta name='ocr-capabilities' content='ocr_page ocr_carea ocr_par ocr_line ocrx_word'/>
</head>
<body>
  <div class='ocr_page' id='page_1' title='image "./operaomniaquaegr22orig/operaomniaquaegr22orig_0332.png"; bbox 0 0 1759 3125; ppageno 0'>
   <div class='ocr_carea' id='block_1_1' title="bbox 262 65 1265 111">
    <p class='ocr_par' dir='ltr' id='par_1_1' title="bbox 262 65 1265 111">
     <span class='ocr_line' id='line_1_1' title="bbox 262 65 1265 111; baseline 0.001 -1"><span class='ocrx_word' id='word_1_1' title='bbox 262 65 345 110; x_wconf 83' lang='lat'>320</span> <span class='ocrx_word' id='word_1_2' title='bbox 679 67 819 108; x_wconf 66' lang='lat' dir='ltr'>Pin-tu</span> <span class='ocrx_word' id='word_1_3' title='bbox 849 67 1063 109; x_wconf 50' lang='lat' dir='ltr'>Damus</span> <span class='ocrx_word' id='word_1_4' title='bbox 1102 68 1265 111; x_wconf 71' lang='lat' dir='ltr'>Humn</span> 
     </span>
    </p>
   </div>
   <div class='ocr_carea' id='block_1_2' title="bbox 243 178 1680 1320">
    <p class='ocr_par' dir='ltr' id='par_1_2' title="bbox 243 178 1680 1320">
     <span class='ocr_line' id='line_1_2' title="bbox 262 178 1677 242; baseline 0.006 -22"><span class='ocrx_word' id='word_1_5' title='bbox 262 179 336 221; x_wconf 87' lang='lat' dir='ltr'>lib.</span> <span class='ocrx_word' id='word_1_6' title='bbox 366 179 405 222; x_wconf 85' lang='lat'>2.</span> <span class='ocrx_word' id='word_1_7' title='bbox 438 179 556 236; x_wconf 87' lang='lat' dir='ltr'>epist.</span> <span class='ocrx_word' id='word_1_8' title='bbox 588 178 654 222; x_wconf 81' lang='grc'>90.</span> <span class='ocrx_word' id='word_1_9' title='bbox 707 178 921 228; x_wconf 68' lang='grc' dir='ltr'><em>Ἀκούσας</em></span> <span class='ocrx_word' id='word_1_10' title='bbox 951 183 1026 222; x_wconf 81' lang='grc' dir='ltr'>καὶ</span> <span class='ocrx_word' id='word_1_11' title='bbox 1059 183 1133 235; x_wconf 84' lang='grc' dir='ltr'>τῆς</span> <span class='ocrx_word' id='word_1_12' title='bbox 1163 182 1265 225; x_wconf 75' lang='grc' dir='ltr'>καθ’</span> <span class='ocrx_word' id='word_1_13' title='bbox 1291 183 1453 226; x_wconf 84' lang='grc' dir='ltr'><em>ἑαυτοῦ</em></span> <span class='ocrx_word' id='word_1_14' title='bbox 1486 183 1677 242; x_wconf 64' lang='grc' dir='ltr'><em>ἀποφά-</em></span> 
     </span>
     <span class='ocr_line' id='line_1_3' title="bbox 261 254 1680 316; baseline 0.001 -15"><span class='ocrx_word' id='word_1_15' title='bbox 261 273 372 306; x_wconf 88' lang='grc' dir='ltr'><em>σεως</em></span> <span class='ocrx_word' id='word_1_16' title='bbox 402 256 481 300; x_wconf 78' lang='grc' dir='ltr'><em>τὸν</em></span> <span class='ocrx_word' id='word_1_17' title='bbox 519 254 652 313; x_wconf 72' lang='grc' dir='ltr'><em>ὅρον,</em></span> <span class='ocrx_word' id='word_1_18' title='bbox 695 254 1009 314; x_wconf 68' lang='grc' dir='ltr'><em>σᾳοδρότερσν</em></span> <span class='ocrx_word' id='word_1_19' title='bbox 1046 258 1236 303; x_wconf 79' lang='grc' dir='ltr'><em>ἔπνευσε</em></span> <span class='ocrx_word' id='word_1_20' title='bbox 1274 260 1375 303; x_wconf 71' lang='grc' dir='ltr'>καθ’</span> <span class='ocrx_word' id='word_1_21' title='bbox 1418 258 1572 316; x_wconf 83' lang='grc' dir='ltr'><em>ἡμῶν,</em></span> <span class='ocrx_word' id='word_1_22' title='bbox 1602 265 1680 303; x_wconf 81' lang='grc' dir='ltr'>καὶ</span> 
     </span>
     <span class='ocr_line' id='line_1_4' title="bbox 259 333 1679 390; baseline 0 -12"><span class='ocrx_word' id='word_1_23' title='bbox 259 333 338 384; x_wconf 50' lang='lat' dir='ltr'>ni»,-</span> <span class='ocrx_word' id='word_1_24' title='bbox 368 337 558 390; x_wconf 68' lang='grc' dir='ltr'><em>αἱρέσεις</em></span> <span class='ocrx_word' id='word_1_25' title='bbox 587 335 720 379; x_wconf 79' lang='grc' dir='ltr'><em>ἔτεκε.</em></span> <span class='ocrx_word' id='word_1_26' title='bbox 781 334 1022 386; x_wconf 84' lang='lat' dir='ltr'>Origenizat</span> <span class='ocrx_word' id='word_1_27' title='bbox 1063 333 1152 390; x_wconf 87' lang='lat' dir='ltr'>ipse</span> <span class='ocrx_word' id='word_1_28' title='bbox 1190 335 1395 378; x_wconf 85' lang='lat' dir='ltr'>Eusebius</span> <span class='ocrx_word' id='word_1_29' title='bbox 1427 337 1521 378; x_wconf 85' lang='lat' dir='ltr'>libr.</span> <span class='ocrx_word' id='word_1_30' title='bbox 1557 339 1593 380; x_wconf 81' lang='grc'>7.</span> <span class='ocrx_word' id='word_1_31' title='bbox 1627 339 1679 378; x_wconf 85' lang='lat' dir='ltr'>de</span> 
     </span>
     <span class='ocr_line' id='line_1_5' title="bbox 256 410 1680 471; baseline 0.003 -18"><span class='ocrx_word' id='word_1_32' title='bbox 256 429 449 469; x_wconf 80' lang='lat' dir='ltr'>praepar.</span> <span class='ocrx_word' id='word_1_33' title='bbox 478 411 678 464; x_wconf 84' lang='lat' dir='ltr'>Evangcl.</span> <span class='ocrx_word' id='word_1_34' title='bbox 708 411 749 451; x_wconf 88' lang='lat' dir='ltr'>in</span> <span class='ocrx_word' id='word_1_35' title='bbox 782 428 832 451; x_wconf 91' lang='lat' dir='ltr'>eo</span> <span class='ocrx_word' id='word_1_36' title='bbox 867 410 1003 466; x_wconf 85' lang='lat' dir='ltr'>capite</span> <span class='ocrx_word' id='word_1_37' title='bbox 1034 413 1148 466; x_wconf 86' lang='lat' dir='ltr'>quod</span> <span class='ocrx_word' id='word_1_38' title='bbox 1179 412 1427 469; x_wconf 88' lang='lat' dir='ltr'>inscriptum</span> <span class='ocrx_word' id='word_1_39' title='bbox 1461 427 1543 456; x_wconf 89' lang='lat' dir='ltr'>est:</span> <span class='ocrx_word' id='word_1_40' title='bbox 1575 419 1680 471; x_wconf 69' lang='grc' dir='ltr'>περὶ</span> 
     </span>
     <span class='ocr_line' id='line_1_6' title="bbox 257 486 1680 548; baseline 0 -15"><span class='ocrx_word' id='word_1_41' title='bbox 257 490 581 546; x_wconf 74' lang='grc' dir='ltr'>ἀντικειμένων</span> <span class='ocrx_word' id='word_1_42' title='bbox 621 486 890 544; x_wconf 76' lang='grc' dir='ltr'><em>δυνάμεων,</em></span> <span class='ocrx_word' id='word_1_43' title='bbox 938 487 1012 528; x_wconf 80' lang='lat' dir='ltr'>ubi</span> <span class='ocrx_word' id='word_1_44' title='bbox 1049 500 1276 544; x_wconf 80' lang='lat' dir='ltr'>postquam</span> <span class='ocrx_word' id='word_1_45' title='bbox 1315 492 1540 533; x_wconf 86' lang='lat' dir='ltr'>daemones</span> <span class='ocrx_word' id='word_1_46' title='bbox 1579 509 1680 548; x_wconf 88' lang='lat' dir='ltr'>pro-</span> 
     </span>
     <span class='ocr_line' id='line_1_7' title="bbox 253 565 1675 624; baseline 0.002 -17"><span class='ocrx_word' id='word_1_47' title='bbox 253 579 351 624; x_wconf 86' lang='lat' dir='ltr'>pter</span> <span class='ocrx_word' id='word_1_48' title='bbox 389 566 651 622; x_wconf 73' lang='lat' dir='ltr'>impietatem</span> <span class='ocrx_word' id='word_1_49' title='bbox 696 565 739 606; x_wconf 89' lang='lat' dir='ltr'>in</span> <span class='ocrx_word' id='word_1_50' title='bbox 779 566 1001 606; x_wconf 79' lang='lat' dir='ltr'>Tartarum</span> <span class='ocrx_word' id='word_1_51' title='bbox 1054 565 1353 622; x_wconf 83' lang='lat' dir='ltr'>praecipitatos</span> <span class='ocrx_word' id='word_1_52' title='bbox 1392 568 1518 609; x_wconf 84' lang='lat' dir='ltr'>fuisse</span> <span class='ocrx_word' id='word_1_53' title='bbox 1557 569 1675 620; x_wconf 87' lang='lat' dir='ltr'>dixit,</span> 
     </span>
     <span class='ocr_line' id='line_1_8' title="bbox 251 643 1677 700; baseline 0.001 -15"><span class='ocrx_word' id='word_1_54' title='bbox 251 656 416 700; x_wconf 85' lang='lat' dir='ltr'>partem</span> <span class='ocrx_word' id='word_1_55' title='bbox 448 645 636 696; x_wconf 80' lang='lat' dir='ltr'>exiguam</span> <span class='ocrx_word' id='word_1_56' title='bbox 676 645 728 684; x_wconf 91' lang='lat' dir='ltr'>ad</span> <span class='ocrx_word' id='word_1_57' title='bbox 769 643 1041 684; x_wconf 81' lang='lat' dir='ltr'>exercendam</span> <span class='ocrx_word' id='word_1_58' title='bbox 1073 643 1243 699; x_wconf 82' lang='lat' dir='ltr'>piorum</span> <span class='ocrx_word' id='word_1_59' title='bbox 1275 643 1496 685; x_wconf 86' lang='lat' dir='ltr'>hominum</span> <span class='ocrx_word' id='word_1_60' title='bbox 1526 647 1677 687; x_wconf 88' lang='lat' dir='ltr'>sancti-</span> 
     </span>
     <span class='ocr_line' id='line_1_9' title="bbox 253 720 1677 770; baseline 0 -7"><span class='ocrx_word' id='word_1_61' title='bbox 253 735 384 763; x_wconf 80' lang='lat' dir='ltr'>tatem</span> <span class='ocrx_word' id='word_1_62' title='bbox 419 721 527 762; x_wconf 83' lang='lat' dir='ltr'>circa</span> <span class='ocrx_word' id='word_1_63' title='bbox 558 733 711 762; x_wconf 85' lang='lat' dir='ltr'>terram</span> <span class='ocrx_word' id='word_1_64' title='bbox 741 720 889 761; x_wconf 88' lang='lat' dir='ltr'>fecisse</span> <span class='ocrx_word' id='word_1_65' title='bbox 920 736 1098 770; x_wconf 85' lang='lat' dir='ltr'>moram,</span> <span class='ocrx_word' id='word_1_66' title='bbox 1129 737 1175 761; x_wconf 93' lang='lat' dir='ltr'>ac</span> <span class='ocrx_word' id='word_1_67' title='bbox 1207 721 1494 763; x_wconf 77' lang='lat' dir='ltr'>idololatriam</span> <span class='ocrx_word' id='word_1_68' title='bbox 1526 723 1569 763; x_wconf 92' lang='lat' dir='ltr'>in</span> <span class='ocrx_word' id='word_1_69' title='bbox 1600 724 1677 764; x_wconf 83' lang='lat' dir='ltr'>ho-</span> 
     </span>
     <span class='ocr_line' id='line_1_10' title="bbox 251 796 1673 849; baseline -0.001 -8"><span class='ocrx_word' id='word_1_70' title='bbox 251 799 385 841; x_wconf 87' lang='lat' dir='ltr'>mines</span> <span class='ocrx_word' id='word_1_71' title='bbox 416 797 616 839; x_wconf 82' lang='lat' dir='ltr'>invexisse</span> <span class='ocrx_word' id='word_1_72' title='bbox 648 797 786 840; x_wconf 87' lang='lat' dir='ltr'>tradit.</span> <span class='ocrx_word' id='word_1_73' title='bbox 847 796 1089 849; x_wconf 86' lang='lat' dir='ltr'>Origenizat</span> <span class='ocrx_word' id='word_1_74' title='bbox 1119 809 1160 838; x_wconf 88' lang='lat' dir='ltr'>et</span> <span class='ocrx_word' id='word_1_75' title='bbox 1191 798 1408 840; x_wconf 75' lang='lat' dir='ltr'>Cassianus</span> <span class='ocrx_word' id='word_1_76' title='bbox 1441 799 1600 843; x_wconf 83' lang='lat' dir='ltr'>Collat.</span> <span class='ocrx_word' id='word_1_77' title='bbox 1634 800 1673 848; x_wconf 80' lang='grc'>7,</span> 
     </span>
     <span class='ocr_line' id='line_1_11' title="bbox 252 874 1673 934; baseline 0 -16"><span class='ocrx_word' id='word_1_78' title='bbox 252 894 342 934; x_wconf 90' lang='lat' dir='ltr'>cap.</span> <span class='ocrx_word' id='word_1_79' title='bbox 375 877 456 927; x_wconf 59' lang='lat'>17„</span> <span class='ocrx_word' id='word_1_80' title='bbox 485 876 559 916; x_wconf 87' lang='lat' dir='ltr'>ubi</span> <span class='ocrx_word' id='word_1_81' title='bbox 589 874 805 931; x_wconf 86' lang='lat' dir='ltr'>profligari</span> <span class='ocrx_word' id='word_1_82' title='bbox 837 875 1086 926; x_wconf 89' lang='lat' dir='ltr'>daemones,</span> <span class='ocrx_word' id='word_1_83' title='bbox 1118 887 1159 916; x_wconf 89' lang='lat' dir='ltr'>et</span> <span class='ocrx_word' id='word_1_84' title='bbox 1189 892 1328 931; x_wconf 85' lang='lat' dir='ltr'>pugna</span> <span class='ocrx_word' id='word_1_85' title='bbox 1359 877 1561 918; x_wconf 81' lang='lat' dir='ltr'>excedere</span> <span class='ocrx_word' id='word_1_86' title='bbox 1591 888 1673 918; x_wconf 86' lang='lat' dir='ltr'>sta-</span> 
     </span>
     <span class='ocr_line' id='line_1_12' title="bbox 248 951 1672 1010; baseline -0.001 -14"><span class='ocrx_word' id='word_1_87' title='bbox 248 954 351 1005; x_wconf 87' lang='lat' dir='ltr'>tuit,</span> <span class='ocrx_word' id='word_1_88' title='bbox 398 952 733 1010; x_wconf 80' lang='lat' dir='ltr'>quotiescunque</span> <span class='ocrx_word' id='word_1_89' title='bbox 771 954 823 994; x_wconf 89' lang='lat' dir='ltr'>ab</span> <span class='ocrx_word' id='word_1_90' title='bbox 863 951 1109 993; x_wconf 88' lang='lat' dir='ltr'>hominibus</span> <span class='ocrx_word' id='word_1_91' title='bbox 1150 952 1250 994; x_wconf 84' lang='lat' dir='ltr'>vitia</span> <span class='ocrx_word' id='word_1_92' title='bbox 1290 969 1336 994; x_wconf 87' lang='lat' dir='ltr'>ea</span> <span class='ocrx_word' id='word_1_93' title='bbox 1369 966 1672 1009; x_wconf 85' lang='lat' dir='ltr'>expugnantur,</span> 
     </span>
     <span class='ocr_line' id='line_1_13' title="bbox 249 1029 1671 1089; baseline -0.001 -16"><span class='ocrx_word' id='word_1_94' title='bbox 249 1032 401 1089; x_wconf 88' lang='lat' dir='ltr'>quibus</span> <span class='ocrx_word' id='word_1_95' title='bbox 431 1029 513 1086; x_wconf 88' lang='lat' dir='ltr'>ipsi</span> <span class='ocrx_word' id='word_1_96' title='bbox 543 1041 756 1086; x_wconf 83' lang='lat' dir='ltr'>praesunt.</span> <span class='ocrx_word' id='word_1_97' title='bbox 816 1029 874 1072; x_wconf 92' lang='lat' dir='ltr'>Ut</span> <span class='ocrx_word' id='word_1_98' title='bbox 904 1041 1045 1071; x_wconf 85' lang='lat' dir='ltr'>autem</span> <span class='ocrx_word' id='word_1_99' title='bbox 1078 1042 1238 1071; x_wconf 84' lang='lat' dir='ltr'>careret</span> <span class='ocrx_word' id='word_1_100' title='bbox 1276 1030 1339 1071; x_wconf 86' lang='lat' dir='ltr'>his</span> <span class='ocrx_word' id='word_1_101' title='bbox 1370 1030 1543 1072; x_wconf 87' lang='lat' dir='ltr'>Patrum</span> <span class='ocrx_word' id='word_1_102' title='bbox 1573 1033 1671 1072; x_wconf 90' lang='lat' dir='ltr'>sub-</span> 
     </span>
     <span class='ocr_line' id='line_1_14' title="bbox 247 1107 1668 1161; baseline -0.001 -11"><span class='ocrx_word' id='word_1_103' title='bbox 247 1109 362 1150; x_wconf 87' lang='lat' dir='ltr'>sidiis</span> <span class='ocrx_word' id='word_1_104' title='bbox 402 1107 606 1161; x_wconf 81' lang='lat' dir='ltr'>Origenes</span> <span class='ocrx_word' id='word_1_105' title='bbox 646 1119 811 1159; x_wconf 86' lang='lat' dir='ltr'>noster,</span> <span class='ocrx_word' id='word_1_106' title='bbox 855 1107 1074 1148; x_wconf 85' lang='lat' dir='ltr'>haereseos</span> <span class='ocrx_word' id='word_1_107' title='bbox 1124 1119 1225 1148; x_wconf 88' lang='lat' dir='ltr'>nota</span> <span class='ocrx_word' id='word_1_108' title='bbox 1261 1109 1453 1148; x_wconf 90' lang='lat' dir='ltr'>nondum</span> <span class='ocrx_word' id='word_1_109' title='bbox 1495 1110 1668 1149; x_wconf 88' lang='lat' dir='ltr'>decreto</span> 
     </span>
     <span class='ocr_line' id='line_1_15' title="bbox 244 1185 1670 1242; baseline -0.001 -15"><span class='ocrx_word' id='word_1_110' title='bbox 244 1186 310 1227; x_wconf 85' lang='lat' dir='ltr'>illi</span> <span class='ocrx_word' id='word_1_111' title='bbox 341 1185 536 1242; x_wconf 89' lang='lat' dir='ltr'>apposita</span> <span class='ocrx_word' id='word_1_112' title='bbox 565 1197 648 1236; x_wconf 91' lang='lat' dir='ltr'>est,</span> <span class='ocrx_word' id='word_1_113' title='bbox 679 1185 796 1241; x_wconf 90' lang='lat' dir='ltr'>quod</span> <span class='ocrx_word' id='word_1_114' title='bbox 821 1198 1021 1242; x_wconf 81' lang='lat' dir='ltr'>poenam</span> <span class='ocrx_word' id='word_1_115' title='bbox 1059 1197 1215 1226; x_wconf 75' lang='lat' dir='ltr'>sensus</span> <span class='ocrx_word' id='word_1_116' title='bbox 1245 1202 1267 1226; x_wconf 89' lang='lat' dir='ltr'>a</span> <span class='ocrx_word' id='word_1_117' title='bbox 1298 1185 1575 1226; x_wconf 83' lang='lat' dir='ltr'>daemonibus</span> <span class='ocrx_word' id='word_1_118' title='bbox 1606 1202 1670 1226; x_wconf 91' lang='lat' dir='ltr'>re-</span> 
     </span>
     <span class='ocr_line' id='line_1_16' title="bbox 243 1262 1592 1320; baseline -0.001 -15"><span class='ocrx_word' id='word_1_119' title='bbox 243 1276 402 1314; x_wconf 85' lang='lat' dir='ltr'>movet,</span> <span class='ocrx_word' id='word_1_120' title='bbox 434 1263 570 1303; x_wconf 90' lang='lat' dir='ltr'>donec</span> <span class='ocrx_word' id='word_1_121' title='bbox 602 1274 820 1318; x_wconf 87' lang='lat' dir='ltr'>postremo</span> <span class='ocrx_word' id='word_1_122' title='bbox 851 1262 1009 1320; x_wconf 85' lang='lat' dir='ltr'>judicio</span> <span class='ocrx_word' id='word_1_123' title='bbox 1042 1262 1085 1302; x_wconf 90' lang='lat' dir='ltr'>in</span> <span class='ocrx_word' id='word_1_124' title='bbox 1116 1263 1310 1320; x_wconf 69' lang='lat' dir='ltr'>abyssum</span> <span class='ocrx_word' id='word_1_125' title='bbox 1339 1262 1592 1315; x_wconf 84' lang='lat' dir='ltr'>relegentur.</span> 
     </span>
    </p>
   </div>
   <div class='ocr_carea' id='block_1_3' title="bbox 355 1338 1669 1394">
    <p class='ocr_par' dir='ltr' id='par_1_3' title="bbox 355 1338 1669 1394">
     <span class='ocr_line' id='line_1_17' title="bbox 355 1338 1669 1394; baseline -0.002 -12"><span class='ocrx_word' id='word_1_126' title='bbox 355 1341 512 1382; x_wconf 85' lang='lat' dir='ltr'>XXlV.</span> <span class='ocrx_word' id='word_1_127' title='bbox 581 1340 776 1380; x_wconf 85' lang='lat' dir='ltr'>Diximus</span> <span class='ocrx_word' id='word_1_128' title='bbox 823 1356 948 1394; x_wconf 89' lang='lat' dir='ltr'>supra</span> <span class='ocrx_word' id='word_1_129' title='bbox 999 1338 1218 1394; x_wconf 89' lang='lat' dir='ltr'>opinatum</span> <span class='ocrx_word' id='word_1_130' title='bbox 1258 1339 1385 1378; x_wconf 83' lang='lat' dir='ltr'>fuisse</span> <span class='ocrx_word' id='word_1_131' title='bbox 1425 1339 1669 1391; x_wconf 86' lang='lat' dir='ltr'>Origenem,</span> 
     </span>
    </p>
   </div>
   <div class='ocr_carea' id='block_1_4' title="bbox 241 1416 1678 1473">
    <p class='ocr_par' dir='ltr' id='par_1_4' title="bbox 241 1416 1678 1473">
     <span class='ocr_line' id='line_1_18' title="bbox 241 1416 1678 1473; baseline -0.003 -13"><span class='ocrx_word' id='word_1_132' title='bbox 241 1435 383 1460; x_wconf 87' lang='lat' dir='ltr'>rerum</span> <span class='ocrx_word' id='word_1_133' title='bbox 415 1416 608 1457; x_wconf 89' lang='lat' dir='ltr'>omnium</span> <span class='ocrx_word' id='word_1_134' title='bbox 646 1417 810 1457; x_wconf 87' lang='lat' dir='ltr'>ratione</span> <span class='ocrx_word' id='word_1_135' title='bbox 841 1416 1098 1471; x_wconf 84' lang='lat' dir='ltr'>pollentium</span> <span class='ocrx_word' id='word_1_136' title='bbox 1129 1433 1255 1456; x_wconf 83' lang='lat' dir='ltr'>unam</span> <span class='ocrx_word' id='word_1_137' title='bbox 1287 1432 1373 1456; x_wconf 88' lang='lat' dir='ltr'>esse</span> <span class='ocrx_word' id='word_1_138' title='bbox 1405 1417 1678 1473; x_wconf 67' lang='lat' dir='ltr'>eandemque,</span> 
     </span>
    </p>
   </div>
   <div class='ocr_carea' id='block_1_5' title="bbox 224 1492 1665 2866">
    <p class='ocr_par' dir='ltr' id='par_1_5' title="bbox 224 1492 1665 2866">
     <span class='ocr_line' id='line_1_19' title="bbox 239 1492 1665 1549; baseline -0.001 -13"><span class='ocrx_word' id='word_1_139' title='bbox 239 1508 457 1545; x_wconf 82' lang='lat' dir='ltr'>naturam,</span> <span class='ocrx_word' id='word_1_140' title='bbox 505 1509 655 1549; x_wconf 87' lang='lat' dir='ltr'>easque</span> <span class='ocrx_word' id='word_1_141' title='bbox 695 1509 773 1549; x_wconf 88' lang='lat' dir='ltr'>pro</span> <span class='ocrx_word' id='word_1_142' title='bbox 813 1493 1067 1534; x_wconf 84' lang='lat' dir='ltr'>meritorum</span> <span class='ocrx_word' id='word_1_143' title='bbox 1107 1492 1404 1549; x_wconf 83' lang='lat' dir='ltr'>inaequalitate</span> <span class='ocrx_word' id='word_1_144' title='bbox 1446 1495 1512 1534; x_wconf 84' lang='lat' dir='ltr'>vel</span> <span class='ocrx_word' id='word_1_145' title='bbox 1545 1495 1665 1535; x_wconf 84' lang='lat' dir='ltr'>evehi</span> 
     </span>
     <span class='ocr_line' id='line_1_20' title="bbox 240 1569 1663 1627; baseline -0.001 -13"><span class='ocrx_word' id='word_1_146' title='bbox 240 1575 293 1614; x_wconf 86' lang='lat' dir='ltr'>ad</span> <span class='ocrx_word' id='word_1_147' title='bbox 324 1572 571 1625; x_wconf 85' lang='lat' dir='ltr'>angelorum</span> <span class='ocrx_word' id='word_1_148' title='bbox 603 1571 798 1622; x_wconf 89' lang='lat' dir='ltr'>ordines,</span> <span class='ocrx_word' id='word_1_149' title='bbox 849 1571 918 1611; x_wconf 87' lang='lat' dir='ltr'>vel</span> <span class='ocrx_word' id='word_1_150' title='bbox 959 1569 1000 1610; x_wconf 87' lang='lat' dir='ltr'>in</span> <span class='ocrx_word' id='word_1_151' title='bbox 1040 1571 1220 1611; x_wconf 86' lang='lat' dir='ltr'>humana</span> <span class='ocrx_word' id='word_1_152' title='bbox 1253 1587 1434 1626; x_wconf 86' lang='lat' dir='ltr'>corpora</span> <span class='ocrx_word' id='word_1_153' title='bbox 1466 1571 1663 1627; x_wconf 86' lang='lat' dir='ltr'>deprimi,</span> 
     </span>
     <span class='ocr_line' id='line_1_21' title="bbox 240 1647 1662 1705; baseline -0.001 -14"><span class='ocrx_word' id='word_1_154' title='bbox 240 1652 306 1691; x_wconf 79' lang='lat' dir='ltr'>vel</span> <span class='ocrx_word' id='word_1_155' title='bbox 339 1651 565 1691; x_wconf 79' lang='lat' dir='ltr'>daemones</span> <span class='ocrx_word' id='word_1_156' title='bbox 598 1648 723 1689; x_wconf 86' lang='lat' dir='ltr'>etiam</span> <span class='ocrx_word' id='word_1_157' title='bbox 755 1648 947 1689; x_wconf 86' lang='lat' dir='ltr'>evadere.</span> <span class='ocrx_word' id='word_1_158' title='bbox 997 1647 1130 1689; x_wconf 85' lang='lat' dir='ltr'>Aliud</span> <span class='ocrx_word' id='word_1_159' title='bbox 1152 1648 1255 1704; x_wconf 90' lang='lat' dir='ltr'>quid</span> <span class='ocrx_word' id='word_1_160' title='bbox 1275 1648 1527 1701; x_wconf 74' lang='lat' dir='ltr'>excogitavit</span> <span class='ocrx_word' id='word_1_161' title='bbox 1542 1665 1662 1705; x_wconf 86' lang='lat' dir='ltr'>prae-</span> 
     </span>
     <span class='ocr_line' id='line_1_22' title="bbox 238 1725 1660 1782; baseline -0.002 -13"><span class='ocrx_word' id='word_1_162' title='bbox 238 1740 354 1769; x_wconf 80' lang='lat' dir='ltr'>terea</span> <span class='ocrx_word' id='word_1_163' title='bbox 402 1738 546 1768; x_wconf 85' lang='lat' dir='ltr'>nostra</span> <span class='ocrx_word' id='word_1_164' title='bbox 597 1725 1005 1767; x_wconf 87' lang='lat' dir='ltr'>commemoratione</span> <span class='ocrx_word' id='word_1_165' title='bbox 1047 1737 1089 1766; x_wconf 91' lang='lat' dir='ltr'>et</span> <span class='ocrx_word' id='word_1_166' title='bbox 1134 1726 1428 1782; x_wconf 86' lang='lat' dir='ltr'>disquisitione</span> <span class='ocrx_word' id='word_1_167' title='bbox 1475 1725 1660 1779; x_wconf 86' lang='lat' dir='ltr'>dignum,</span> 
     </span>
     <span class='ocr_line' id='line_1_23' title="bbox 238 1803 1660 1861; baseline -0.001 -16"><span class='ocrx_word' id='word_1_168' title='bbox 238 1805 460 1846; x_wconf 82' lang='lat' dir='ltr'>hominum</span> <span class='ocrx_word' id='word_1_169' title='bbox 512 1821 667 1861; x_wconf 85' lang='lat' dir='ltr'>nempe</span> <span class='ocrx_word' id='word_1_170' title='bbox 711 1804 929 1846; x_wconf 85' lang='lat' dir='ltr'>sanctitate</span> <span class='ocrx_word' id='word_1_171' title='bbox 978 1803 1306 1860; x_wconf 86' lang='lat' dir='ltr'>conspicuorum</span> <span class='ocrx_word' id='word_1_172' title='bbox 1348 1803 1503 1844; x_wconf 87' lang='lat' dir='ltr'>animas</span> <span class='ocrx_word' id='word_1_173' title='bbox 1546 1803 1660 1859; x_wconf 87' lang='lat' dir='ltr'>ipsos</span> 
     </span>
     <span class='ocr_line' id='line_1_24' title="bbox 238 1875 1659 1938; baseline 0 -17"><span class='ocrx_word' id='word_1_174' title='bbox 238 1898 325 1922; x_wconf 87' lang='lat' dir='ltr'>csse</span> <span class='ocrx_word' id='word_1_175' title='bbox 357 1881 550 1934; x_wconf 83' lang='lat' dir='ltr'>angelos,</span> <span class='ocrx_word' id='word_1_176' title='bbox 587 1899 674 1923; x_wconf 88' lang='lat' dir='ltr'>non</span> <span class='ocrx_word' id='word_1_177' title='bbox 713 1875 893 1938; x_wconf 81' lang='lat' dir='ltr'>propter</span> <span class='ocrx_word' id='word_1_178' title='bbox 927 1893 1101 1938; x_wconf 86' lang='lat' dir='ltr'>peccata</span> <span class='ocrx_word' id='word_1_179' title='bbox 1146 1881 1189 1922; x_wconf 85' lang='lat' dir='ltr'>in</span> <span class='ocrx_word' id='word_1_180' title='bbox 1213 1880 1435 1922; x_wconf 88' lang='lat' dir='ltr'>hominum</span> <span class='ocrx_word' id='word_1_181' title='bbox 1467 1881 1659 1921; x_wconf 86' lang='lat' dir='ltr'>ordinem</span> 
     </span>
     <span class='ocr_line' id='line_1_25' title="bbox 234 1958 1658 2010; baseline 0 -11"><span class='ocrx_word' id='word_1_182' title='bbox 234 1960 442 2009; x_wconf 84' lang='lat' dir='ltr'>redactos,</span> <span class='ocrx_word' id='word_1_183' title='bbox 473 1960 546 1999; x_wconf 93' lang='lat' dir='ltr'>sed</span> <span class='ocrx_word' id='word_1_184' title='bbox 577 1959 668 2000; x_wconf 86' lang='lat' dir='ltr'>aliis</span> <span class='ocrx_word' id='word_1_185' title='bbox 701 1960 752 1999; x_wconf 91' lang='lat' dir='ltr'>de</span> <span class='ocrx_word' id='word_1_186' title='bbox 794 1959 927 2000; x_wconf 85' lang='lat' dir='ltr'>causis</span> <span class='ocrx_word' id='word_1_187' title='bbox 958 1959 1287 2000; x_wconf 82' lang='lat' dir='ltr'>extraordinaria</span> <span class='ocrx_word' id='word_1_188' title='bbox 1315 1958 1418 1999; x_wconf 87' lang='lat' dir='ltr'>illuc</span> <span class='ocrx_word' id='word_1_189' title='bbox 1449 1958 1658 2010; x_wconf 86' lang='lat' dir='ltr'>legatione</span> 
     </span>
     <span class='ocr_line' id='line_1_26' title="bbox 234 2034 1658 2091; baseline 0 -14"><span class='ocrx_word' id='word_1_190' title='bbox 234 2053 256 2077; x_wconf 91' lang='lat' dir='ltr'>a</span> <span class='ocrx_word' id='word_1_191' title='bbox 303 2036 399 2076; x_wconf 89' lang='lat' dir='ltr'>Deo</span> <span class='ocrx_word' id='word_1_192' title='bbox 451 2035 612 2077; x_wconf 88' lang='lat' dir='ltr'>missos.</span> <span class='ocrx_word' id='word_1_193' title='bbox 705 2036 902 2077; x_wconf 89' lang='lat' dir='ltr'>Prostant</span> <span class='ocrx_word' id='word_1_194' title='bbox 948 2036 1164 2077; x_wconf 87' lang='lat' dir='ltr'>doctrinae</span> <span class='ocrx_word' id='word_1_195' title='bbox 1212 2034 1333 2091; x_wconf 85' lang='lat' dir='ltr'>hujus</span> <span class='ocrx_word' id='word_1_196' title='bbox 1381 2047 1658 2077; x_wconf 84' lang='lat' dir='ltr'>monumenta</span> 
     </span>
     <span class='ocr_line' id='line_1_27' title="bbox 235 2112 1656 2167; baseline 0.001 -13"><span class='ocrx_word' id='word_1_197' title='bbox 235 2113 362 2157; x_wconf 85' lang='lat' dir='ltr'>Tom.</span> <span class='ocrx_word' id='word_1_198' title='bbox 393 2113 493 2154; x_wconf 85' lang='grc' dir='ltr'>ΧΠ.</span> <span class='ocrx_word' id='word_1_199' title='bbox 533 2112 575 2153; x_wconf 83' lang='grc' dir='ltr'>ἰη</span> <span class='ocrx_word' id='word_1_200' title='bbox 614 2113 764 2155; x_wconf 86' lang='lat' dir='ltr'>Matth.</span> <span class='ocrx_word' id='word_1_201' title='bbox 805 2130 920 2155; x_wconf 88' lang='lat' dir='ltr'>num.</span> <span class='ocrx_word' id='word_1_202' title='bbox 953 2113 1042 2163; x_wconf 84' lang='lat'>30.‚</span> <span class='ocrx_word' id='word_1_203' title='bbox 1082 2112 1156 2153; x_wconf 89' lang='lat' dir='ltr'>ubi</span> <span class='ocrx_word' id='word_1_204' title='bbox 1187 2112 1263 2162; x_wconf 86' lang='lat' dir='ltr'>ait,</span> <span class='ocrx_word' id='word_1_205' title='bbox 1295 2113 1656 2167; x_wconf 83' lang='lat' dir='ltr'>quemadmodum</span> 
     </span>
     <span class='ocr_line' id='line_1_28' title="bbox 231 2188 1658 2247; baseline 0 -16"><span class='ocrx_word' id='word_1_206' title='bbox 231 2192 438 2232; x_wconf 80' lang='lat' dir='ltr'>humanae</span> <span class='ocrx_word' id='word_1_207' title='bbox 469 2190 622 2232; x_wconf 88' lang='lat' dir='ltr'>Christi</span> <span class='ocrx_word' id='word_1_208' title='bbox 652 2201 822 2230; x_wconf 80' lang='lat' dir='ltr'>naturae</span> <span class='ocrx_word' id='word_1_209' title='bbox 840 2191 1028 2230; x_wconf 85' lang='lat' dir='ltr'>Verbum</span> <span class='ocrx_word' id='word_1_210' title='bbox 1060 2188 1330 2246; x_wconf 88' lang='lat' dir='ltr'>conjunctum</span> <span class='ocrx_word' id='word_1_211' title='bbox 1363 2201 1435 2239; x_wconf 85' lang='lat' dir='ltr'>est,</span> <span class='ocrx_word' id='word_1_212' title='bbox 1466 2190 1524 2231; x_wconf 88' lang='lat' dir='ltr'>ita</span> <span class='ocrx_word' id='word_1_213' title='bbox 1553 2207 1658 2247; x_wconf 91' lang='lat' dir='ltr'>pro-</span> 
     </span>
     <span class='ocr_line' id='line_1_29' title="bbox 231 2267 1652 2324; baseline 0.001 -16"><span class='ocrx_word' id='word_1_214' title='bbox 231 2267 432 2324; x_wconf 87' lang='lat' dir='ltr'>portione</span> <span class='ocrx_word' id='word_1_215' title='bbox 463 2269 642 2324; x_wconf 87' lang='lat' dir='ltr'>quadam</span> <span class='ocrx_word' id='word_1_216' title='bbox 675 2267 858 2319; x_wconf 88' lang='lat' dir='ltr'>angelos,</span> <span class='ocrx_word' id='word_1_217' title='bbox 892 2279 1088 2322; x_wconf 85' lang='lat' dir='ltr'>tanquam</span> <span class='ocrx_word' id='word_1_218' title='bbox 1119 2267 1280 2316; x_wconf 83' lang='lat' dir='ltr'>Verba,</span> <span class='ocrx_word' id='word_1_219' title='bbox 1311 2282 1400 2307; x_wconf 90' lang='lat' dir='ltr'>sese</span> <span class='ocrx_word' id='word_1_220' title='bbox 1431 2267 1652 2323; x_wconf 83' lang='lat' dir='ltr'>prophetis</span> 
     </span>
     <span class='ocr_line' id='line_1_30' title="bbox 230 2340 1654 2403; baseline -0.001 -15"><span class='ocrx_word' id='word_1_221' title='bbox 230 2344 485 2403; x_wconf 78' lang='lat' dir='ltr'>adjunxisse:</span> <span class='ocrx_word' id='word_1_222' title='bbox 515 2348 606 2388; x_wconf 84' lang='grc' dir='ltr'>Καὶ</span> <span class='ocrx_word' id='word_1_223' title='bbox 636 2342 853 2403; x_wconf 76' lang='grc' dir='ltr'>πρόοχες,</span> <span class='ocrx_word' id='word_1_224' title='bbox 899 2342 1059 2398; x_wconf 81' lang='lat' dir='ltr'>inquit,</span> <span class='ocrx_word' id='word_1_225' title='bbox 1101 2345 1140 2386; x_wconf 78' lang='grc' dir='ltr'>εἰ</span> <span class='ocrx_word' id='word_1_226' title='bbox 1170 2340 1364 2387; x_wconf 70' lang='grc' dir='ltr'><em>δύνασαι</em></span> <span class='ocrx_word' id='word_1_227' title='bbox 1402 2344 1452 2387; x_wconf 73' lang='grc' dir='ltr'><em>ἓν</em></span> <span class='ocrx_word' id='word_1_228' title='bbox 1483 2343 1654 2394; x_wconf 76' lang='grc' dir='ltr'><em>τούτοις</em></span> 
     </span>
     <span class='ocr_line' id='line_1_31' title="bbox 229 2418 1652 2481; baseline -0.001 -15"><span class='ocrx_word' id='word_1_229' title='bbox 229 2422 332 2472; x_wconf 73' lang='grc' dir='ltr'>τοὺς</span> <span class='ocrx_word' id='word_1_230' title='bbox 361 2421 585 2481; x_wconf 76' lang='grc' dir='ltr'><em>πρότερον</em></span> <span class='ocrx_word' id='word_1_231' title='bbox 630 2419 865 2469; x_wconf 68' lang='grc' dir='ltr'><em>παθόντας</em></span> <span class='ocrx_word' id='word_1_232' title='bbox 901 2418 1140 2479; x_wconf 71' lang='grc' dir='ltr'><em>προᾳὴτας</em></span> <span class='ocrx_word' id='word_1_233' title='bbox 1170 2418 1426 2478; x_wconf 73' lang='grc' dir='ltr'><em>ἀναλογίαν</em></span> <span class='ocrx_word' id='word_1_234' title='bbox 1456 2420 1652 2479; x_wconf 65' lang='grc' dir='ltr'><em>φάσκειν</em></span> 
     </span>
     <span class='ocr_line' id='line_1_32' title="bbox 226 2494 1647 2558; baseline -0.001 -15"><span class='ocrx_word' id='word_1_235' title='bbox 226 2502 464 2557; x_wconf 76' lang='grc' dir='ltr'><em>ἐσχηκέναι</em></span> <span class='ocrx_word' id='word_1_236' title='bbox 501 2499 616 2558; x_wconf 79' lang='grc' dir='ltr'><em>πρὸς</em></span> <span class='ocrx_word' id='word_1_237' title='bbox 654 2498 734 2543; x_wconf 81' lang='grc' dir='ltr'><em>τὸν</em></span> <span class='ocrx_word' id='word_1_238' title='bbox 770 2497 833 2554; x_wconf 84' lang='grc' dir='ltr'>μὴ</span> <span class='ocrx_word' id='word_1_239' title='bbox 873 2498 1035 2554; x_wconf 78' lang='grc' dir='ltr'><em>ἔχοντα</em></span> <span class='ocrx_word' id='word_1_240' title='bbox 1066 2494 1197 2547; x_wconf 73' lang='grc' dir='ltr'><em>εἶδος,</em></span> <span class='ocrx_word' id='word_1_241' title='bbox 1226 2498 1342 2553; x_wconf 70' lang='grc' dir='ltr'>μηδὲ</span> <span class='ocrx_word' id='word_1_242' title='bbox 1374 2495 1537 2546; x_wconf 80' lang='grc' dir='ltr'><em>κάλλος</em></span> <span class='ocrx_word' id='word_1_243' title='bbox 1566 2498 1647 2542; x_wconf 91' lang='grc' dir='ltr'>λό-</span> 
     </span>
     <span class='ocr_line' id='line_1_33' title="bbox 227 2574 1648 2635; baseline -0.001 -15"><span class='ocrx_word' id='word_1_244' title='bbox 227 2593 333 2634; x_wconf 84' lang='grc' dir='ltr'><em>γον·</em></span> <span class='ocrx_word' id='word_1_245' title='bbox 367 2575 517 2633; x_wconf 79' lang='grc' dir='ltr'><em>ὥσπερ</em></span> <span class='ocrx_word' id='word_1_246' title='bbox 544 2579 591 2621; x_wconf 74' lang='grc' dir='ltr'>δὲ</span> <span class='ocrx_word' id='word_1_247' title='bbox 624 2579 799 2635; x_wconf 69' lang='grc' dir='ltr'><em>ἔρχεται</em></span> <span class='ocrx_word' id='word_1_248' title='bbox 831 2574 852 2619; x_wconf 84' lang='grc' dir='ltr'><em>ὁ</em></span> <span class='ocrx_word' id='word_1_249' title='bbox 886 2574 978 2623; x_wconf 80' lang='grc' dir='ltr'>υἱὸς</span> <span class='ocrx_word' id='word_1_250' title='bbox 1005 2577 1083 2618; x_wconf 78' lang='grc' dir='ltr'>τοῦ</span> <span class='ocrx_word' id='word_1_251' title='bbox 1107 2574 1356 2633; x_wconf 72' lang='grc' dir='ltr'><em>ανθρώπου</em></span> <span class='ocrx_word' id='word_1_252' title='bbox 1379 2576 1429 2618; x_wconf 76' lang='grc' dir='ltr'><em>ἐν</em></span> <span class='ocrx_word' id='word_1_253' title='bbox 1459 2577 1507 2635; x_wconf 71' lang='grc' dir='ltr'>τῇ</span> <span class='ocrx_word' id='word_1_254' title='bbox 1540 2575 1648 2635; x_wconf 67' lang='grc' dir='ltr'>δόξῃ</span> 
     </span>
     <span class='ocr_line' id='line_1_34' title="bbox 224 2647 1647 2712; baseline -0.001 -14"><span class='ocrx_word' id='word_1_255' title='bbox 224 2658 305 2698; x_wconf 76' lang='grc' dir='ltr'>τοῦ</span> <span class='ocrx_word' id='word_1_256' title='bbox 336 2653 507 2712; x_wconf 76' lang='grc' dir='ltr'><em>πατρὸς</em></span> <span class='ocrx_word' id='word_1_257' title='bbox 537 2655 693 2709; x_wconf 74' lang='grc' dir='ltr'><em>αὐτοῦ,</em></span> <span class='ocrx_word' id='word_1_258' title='bbox 726 2651 865 2702; x_wconf 72' lang='grc' dir='ltr'><em>οὕτως</em></span> <span class='ocrx_word' id='word_1_259' title='bbox 895 2647 1081 2710; x_wconf 72' lang='grc' dir='ltr'><em>ἄγγελοι</em></span> <span class='ocrx_word' id='word_1_260' title='bbox 1112 2652 1348 2708; x_wconf 70' lang='grc' dir='ltr'><em>γινόμενοι</em></span> <span class='ocrx_word' id='word_1_261' title='bbox 1381 2655 1424 2695; x_wconf 84' lang='grc' dir='ltr'>οἱ</span> <span class='ocrx_word' id='word_1_262' title='bbox 1454 2653 1504 2696; x_wconf 75' lang='grc' dir='ltr'><em>ἐν</em></span> <span class='ocrx_word' id='word_1_263' title='bbox 1527 2670 1647 2709; x_wconf 84' lang='grc' dir='ltr'><em>προ-</em></span> 
     </span>
     <span class='ocr_line' id='line_1_35' title="bbox 227 2729 1643 2791; baseline -0.001 -15"><span class='ocrx_word' id='word_1_264' title='bbox 227 2733 390 2791; x_wconf 73' lang='grc' dir='ltr'><em>ᾳήταις</em></span> <span class='ocrx_word' id='word_1_265' title='bbox 419 2732 564 2790; x_wconf 74' lang='grc' dir='ltr'><em>λόγοι,</em></span> <span class='ocrx_word' id='word_1_266' title='bbox 596 2733 689 2790; x_wconf 76' lang='grc' dir='ltr'><em>μετ’</em></span> <span class='ocrx_word' id='word_1_267' title='bbox 725 2731 862 2775; x_wconf 82' lang='grc' dir='ltr'><em>αὐτοῦ</em></span> <span class='ocrx_word' id='word_1_268' title='bbox 892 2734 1243 2787; x_wconf 74' lang='grc' dir='ltr'><em>παραγίνονται,</em></span> <span class='ocrx_word' id='word_1_269' title='bbox 1275 2730 1356 2785; x_wconf 76' lang='grc' dir='ltr'><em>τὴν</em></span> <span class='ocrx_word' id='word_1_270' title='bbox 1387 2729 1643 2786; x_wconf 76' lang='grc' dir='ltr'><em>ἀναλογίαν</em></span> 
     </span>
     <span class='ocr_line' id='line_1_36' title="bbox 226 2803 1643 2866; baseline -0.005 -12"><span class='ocrx_word' id='word_1_271' title='bbox 226 2810 438 2862; x_wconf 75' lang='grc' dir='ltr'><em>σώζοντες</em></span> <span class='ocrx_word' id='word_1_272' title='bbox 468 2814 543 2866; x_wconf 71' lang='grc' dir='ltr'>τῆς</span> <span class='ocrx_word' id='word_1_273' title='bbox 573 2812 744 2856; x_wconf 80' lang='grc' dir='ltr'><em>ἕαιίιῦν</em></span> <span class='ocrx_word' id='word_1_274' title='bbox 774 2803 916 2865; x_wconf 69' lang='grc' dir='ltr'><strong><em>ὃόξηξ.</em></strong></span> <span class='ocrx_word' id='word_1_275' title='bbox 986 2808 1125 2850; x_wconf 86' lang='lat' dir='ltr'>Tomo</span> <span class='ocrx_word' id='word_1_276' title='bbox 1172 2824 1342 2865; x_wconf 91' lang='lat' dir='ltr'>quoque</span> <span class='ocrx_word' id='word_1_277' title='bbox 1382 2808 1566 2850; x_wconf 85' lang='lat' dir='ltr'>secundo</span> <span class='ocrx_word' id='word_1_278' title='bbox 1598 2807 1643 2847; x_wconf 85' lang='lat' dir='ltr'>in</span> 
     </span>
    </p>
   </div>
  </div>
 </body>
</html>
