1759 3125
255 83 313 130 8ss
543 80 545 83 ¹
677 93 815 134 Pau-m
848 94 1062 135 DANmms
1095 93 1262 135 ΙΙυΕτιι

268 200 310 241 in
343 200 429 258 ejus
462 201 604 243 locum
635 205 816 257 Decius,
867 207 937 262 qui
973 190 1017 245 ut
1051 206 1092 245 in
1125 204 1313 261 Philippi
1346 202 1596 244 memoriam
1628 202 1690 242 in-

269 295 415 318 census
446 292 534 320 erat
566 281 687 333 odio,
741 284 1098 332 Christianorum,
1145 300 1250 339 quos
1296 282 1405 322 visus
1447 293 1533 321 erat
1574 296 1690 320 caros

271 357 424 397 habere
455 357 680 414 Philippus
711 362 812 402 dum
846 363 1016 410 viveret,
1047 377 1111 400 res
1144 372 1314 407 vastare,
1345 376 1392 399 ac
1424 374 1581 399 nomen
1599 358 1693 397 fun-

272 434 384 474 ditus
416 435 560 476 delere
600 438 829 479 constituit.
892 440 935 478 ln
975 436 1189 478 teterrima
1229 437 1303 476 liae
1336 436 1462 489 igitur
1502 451 1698 491 persecu-

272 511 387 552 tione
426 512 622 568 princeps
663 516 863 555 occubuit
905 515 1114 555 Fabianus
1152 514 1344 569 pontifex
1385 512 1610 561 maximus,
1653 510 1694 550 in

275 588 391 646 cujus
423 590 566 631 locum
605 594 807 632 suffectus
846 604 906 632 est
948 591 1184 632 Cornelius.
1254 592 1301 630 In
1342 606 1551 630 carcerem
1591 604 1699 644 quo-

275 683 356 721 que
388 669 599 723 compacti
628 681 725 710 sunt
754 670 919 710 nobiles
953 668 1159 724 episcopi,
1191 668 1450 716 Alexander,
1481 666 1528 716 is,
1559 683 1581 706 a
1613 682 1696 721 quo

277 743 387 784 inter
437 747 706 803 presbyteros
758 748 971 802 quondam
1014 747 1219 798 Origenes
1274 747 1411 786 fuerat
1461 755 1698 799 cooptatus,

278 832 320 860 et
347 822 552 880 Babylas:
593 824 664 879 qui
697 841 790 864 cuni
824 824 939 865 letho
974 824 1168 864 destinati
1200 823 1240 864 in
1274 822 1452 863 vinculis
1484 822 1701 870 obiissent,

276 896 374 938 huic
403 898 575 950 Fabius,
609 901 673 941 illi
705 902 955 942 Mazabanes
985 901 1196 943 successit.
1243 901 1299 941 Et
1330 901 1430 956 quid
1452 917 1524 941 eos
1556 916 1702 940 omnes

276 991 495 1017 recensere
527 977 699 1028 attinet,
741 996 847 1035 quos
885 978 1167 1020 funestissima
1207 979 1280 1018 illa
1323 978 1523 1019 ecclesiae
1564 978 1702 1018 clades

280 1053 540 1096 consumsit?
598 1056 770 1097 Referta
808 1069 904 1097 sunt
943 1073 1091 1097 eorum
1123 1056 1365 1096 nominibus
1397 1055 1565 1111 antiqua
1596 1071 1704 1095 inar-

279 1131 505 1187 tyrologia.
567 1133 652 1175 Sed
683 1135 962 1175 Palaestinam
999 1133 1226 1190 praecipue
1268 1150 1315 1173 ea
1352 1145 1505 1184 strages
1537 1132 1704 1173 affecit:

279 1208 401 1249 multi
433 1209 643 1266 siquidem
673 1211 867 1264 Origenis
899 1211 1259 1253 exhortationibus
1290 1210 1453 1251 accensi
1483 1210 1610 1250 Decii
1642 1211 1706 1250 su-

279 1283 447 1325 roribus
477 1303 566 1327 sese
598 1289 768 1330 fortiter
797 1289 1059 1346 objecerunt.

397 1362 452 1403 II.
515 1364 603 1418 Qui
635 1367 796 1424 Tyrum
828 1365 908 1423 jam
941 1378 1036 1407 ante
1069 1365 1322 1406 concessisse
1356 1364 1586 1417 Origenem
1619 1380 1707 1405 cre-

284 1437 402 1488 dunt,
433 1456 556 1495 quam
586 1442 810 1484 Christiani
842 1461 862 1484 a
896 1444 1033 1485 De‹:io
1066 1442 1302 1499 oppugnari
1335 1442 1477 1497 coepti
1509 1441 1614 1491 sint,
1645 1443 1707 1483 fa-

286 1515 365 1556 cile
392 1516 443 1557 iis
474 1520 701 1561 assentior:
743 1539 925 1563 secessus
957 1539 1111 1563 annum
1142 1514 1368 1572 assignare,
1399 1519 1598 1560 hariolari
1634 1531 1707 1562 est.

284 1593 334 1633 ln
366 1610 462 1635 eum
486 1608 598 1637 certe
621 1599 797 1640 maxima
816 1598 1122 1656 persecutionis
1154 1597 1276 1655 hujus
1303 1597 1481 1649 gravitas
1503 1596 1708 1649 incubuit,

285 1670 409 1726 quam
449 1675 595 1715 eadem
633 1678 811 1731 pertulit
851 1676 1102 1726 constantia,
1142 1692 1223 1732 qua
1264 1675 1374 1724 aliis,
1416 1690 1506 1714 eam
1538 1685 1585 1714 ut
1615 1690 1711 1729 per-

286 1749 467 1801 ferrent,
513 1764 664 1794 auctor
693 1756 841 1804 fuerat.
917 1754 1085 1811 Nam')
1126 1752 1315 1809 primum
1355 1752 1398 1792 in
1447 1752 1711 1807 profundum

288 1843 497 1869 carcerem
530 1831 722 1873 detrusus
756 1845 839 1885 est;
870 1832 1033 1889 torquis
1065 1832 1226 1871 ferreus
1259 1830 1372 1871 collo
1404 1828 1606 1886 injectus3
1637 1845 1711 1883 pe-

288 1904 361 1944 des
394 1905 538 1957 ligneis
578 1909 740 1964 pedicis
779 1910 924 1962 grandi
962 1909 1189 1950 intervallo
1228 1907 1411 1948 invicem
1451 1905 1624 1946 remotis
1656 1906 1711 1946 ita
1751 1910 1759 1923 ⁸

288 1980 429 2021 inserti
461 1995 578 2035 sunt,
609 1996 655 2025 ut
686 1985 923 2026 divaricatis
956 1985 1146 2026 cruribus
1177 1984 1419 2025 distractum
1453 1999 1606 2039 corpus
1637 1999 1714 2038 per

290 2058 448 2099 multos
489 2060 576 2101 dies
617 2063 823 2103 dirissime
861 2075 1156 2117 torqueretur:
1202 2062 1515 2102 intentabantur
1553 2060 1713 2111 ignium

291 2146 331 2174 et
361 2137 672 2192 suppliciorum
714 2140 871 2189 minae,
919 2156 966 2180 ac
1005 2139 1236 2195 multiplici
1277 2138 1457 2193 denique
1498 2149 1712 2178 tormento

291 2213 423 2252 senile
456 2231 609 2270 corpus
641 2217 916 2260 cruciabatur.
977 2217 1125 2257 Altum
1157 2216 1228 2256 ille
1263 2227 1420 2264 contra,
1454 2226 1494 2255 et
1527 2226 1714 2255 erectum

292 2289 478 2331 animum
508 2309 636 2347 super
652 2294 864 2333 fortunam
888 2310 1044 2345 gerens,
1077 2305 1118 2333 et
1141 2293 1268 2333 vitam
1293 2308 1409 2333 suam
1437 2303 1535 2348 post
1561 2291 1717 2332 Christi

293 2367 422 2408 fidem
463 2370 640 2419 ducens,
691 2387 836 2410 omnes
876 2370 1119 2426 asperitates
1159 2369 1405 2425 supervasit.
1471 2369 1535 2409 Ac
1573 2385 1716 2408 secum

293 2447 505 2499 praeclare
536 2458 675 2486 actum
708 2447 1001 2498 existimasset,
1042 2448 1075 2488 si
1107 2460 1343 2488 extremum
1386 2448 1437 2486 ab
1471 2461 1521 2485 eo
1553 2445 1717 2501 suppli-

297 2521 408 2563 cium
438 2523 658 2578 improbus
698 2524 964 2579 expetivisset
993 2525 1139 2583 judex,
1173 2525 1239 2565 cui
1269 2541 1401 2564 unum
1432 2522 1476 2562 id
1507 2522 1586 2562 fuit
1617 2539 1718 2578 pro-

295 2598 495 2654 positum,
526 2617 671 2642 omnes
705 2601 891 2658 martyrii
931 2603 1137 2643 cruciatus
1174 2599 1523 2643 innocentissimo
1556 2599 1717 2640 homiui

423 2832 461 2887 ¹)
494 2833 580 2874 Csr.
611 2833 769 2877 Euseb.
804 2833 913 2877 Hist.
945 2833 1092 2874 eccles.
1126 2832 1199 2874 lib.
1231 2833 1302 2874 VI.
1336 2849 1426 2889 cap.
1457 2833 1526 2877 39.
