1759 3125
280 90 335 133 96
703 87 841 128 Pam
882 87 1097 128 Dmums
1129 87 1290 129 ΗυΕΤιΙ

279 201 571 257 Pamphilum,
613 198 806 255 aliosque
840 188 1102 255 complures,
1155 198 1350 251 Origenis
1396 199 1522 239 vitam
1570 211 1609 239 et
1648 216 1714 239 res

280 291 411 332 gestas
444 295 489 318 ex
523 277 572 317 iis
603 276 716 332 ipsis,
749 277 820 332 qui
852 277 1066 316 hominem
1101 275 1302 325 viderant,
1335 287 1634 330 perscrutatos,
1667 275 1709 314 in

279 357 468 398 Deciana
497 367 630 406 strage
662 355 861 411 martyrio
895 355 1033 409 ipsum
1067 353 1193 394 vitam
1225 353 1421 394 finivisse.
1491 353 1540 393 ld
1581 354 1707 392 refel-

281 436 332 476 lit
363 433 553 481 Photius,
585 431 698 472 Galli
731 443 770 471 et
799 430 1016 471 Volusiani
1047 430 1311 485 temporibus
1344 429 1567 470 decessisse
1599 430 1709 468 hunc

280 526 486 559 asserens3
535 524 582 547 ex
631 507 802 564 ejusque
845 506 1034 561 epistolis
1075 519 1172 561 post
1207 505 1333 545 Decii
1376 517 1559 546 mortem
1602 505 1706 545 datis

278 586 527 630 sententiam
558 602 672 624 suam
704 586 889 625 roborat.
952 583 1171 623 Infelicem
1204 582 1502 622 miserabiliter
1531 582 1706 637 periisse

280 662 534 721 pronunciat
564 661 855 717 Nicephorus,
897 659 1000 699 levis
1033 671 1203 708 auctor,
1244 676 1381 715 neque
1421 657 1522 714 quid
1553 658 1706 698 scribat

279 742 376 783 satis
409 740 528 795 pensi
558 739 733 778 habens:
767 738 864 777 inde
896 738 1002 777 adeo
1035 737 1093 777 sic
1119 737 1314 786 sentiens,
1349 737 1464 792 quod
1489 752 1583 775 eum
1607 747 1704 790 post

278 816 569 860 idololatriam
621 815 833 855 erroribus
879 813 1165 871 implicatum,
1222 813 1264 853 in
1320 812 1539 868 impietate
1591 812 1704 852 diem

280 894 474 937 clausisse
506 892 747 937 crediderit.
807 893 866 931 At
897 903 1041 932 contra
1063 891 1315 931 Theotimus
1335 889 1584 931 Tomitanus
1617 890 1706 944 epi-

278 988 456 1029 scopus,
502 972 687 1024 notae2)
730 968 900 1025 pietatis
941 969 1135 1018 antistes,
1176 968 1392 1025 praeclara
1434 983 1530 1006 cum
1562 978 1701 1006 morte

280 1052 526 1092 defunctum
558 1047 686 1087 fuisse
717 1048 913 1087 adversus
944 1045 1232 1102 Epiphanium
1264 1044 1523 1086 asseveravit.

392 1127 509 1168 Vlll.
569 1126 708 1180 Atque
740 1124 850 1165 hunc
882 1126 1054 1165 demum
1097 1126 1204 1165 vitae
1254 1124 1383 1163 finem
1428 1120 1573 1162 habuit
1607 1121 1705 1163 Ori-

279 1223 403 1260 genes
444 1200 742 1250 Adamantius,
784 1202 847 1241 vir
889 1202 929 1242 in
971 1201 1147 1242 ecclesia
1187 1201 1272 1241 Dei
1312 1200 1437 1251 longe
1476 1199 1705 1249 maximus3

280 1301 407 1341 quem
447 1292 614 1337 praeter
660 1278 904 1334 prosapiam
944 1278 1055 1319 avita
1093 1279 1135 1319 in
1178 1277 1395 1320 Christum
1437 1276 1620 1332 pietate,
1664 1287 1706 1315 et

277 1360 493 1403 Leonidae
531 1355 662 1413 patris
693 1356 895 1414 martyrio
929 1357 1105 1405 claram,
1146 1355 1347 1412 propriae
1379 1354 1553 1394 virtutes
1583 1353 1706 1394 nobi-

277 1440 473 1487 litarunt3
502 1435 646 1486 iugens
677 1433 866 1490 martyrii
898 1434 1170 1484 desiderium,
1202 1443 1457 1472 contestatus
1481 1448 1600 1472 amor
1625 1448 1704 1486 pu-

279 1515 447 1557 dicitiae
487 1529 533 1553 ac
573 1510 856 1567 paupertatis,
900 1523 1106 1567 perpetua
1145 1510 1416 1565 voluptatum
1456 1509 1703 1559 contemtio,

277 1595 443 1651 prolixa
474 1578 575 1630 fidei
608 1587 866 1629 Christianae
898 1589 1195 1643 propagandae
1225 1587 1442 1636 voluutas,
1481 1588 1702 1627 servanda·

276 1672 372 1714 rum
412 1672 462 1710 ab
500 1679 671 1708 aeterno
722 1665 895 1705 interitu
944 1666 1175 1706 animarum
1220 1663 1443 1704 vehemens
1482 1663 1702 1719 cupiditas,

275 1749 470 1792 inusitata
510 1745 554 1785 in
592 1742 808 1784 laboribus
851 1743 1106 1793 constantia,
1153 1740 1372 1794 singularis
1420 1741 1463 1780 in
1501 1740 1702 1796 periculis

276 1827 510 1875 fortitudo,
548 1820 717 1873 insignis
748 1821 969 1860 adversum
1002 1837 1147 1861 omnes
1178 1818 1458 1860 mansuetudo
1501 1830 1541 1858 et
1581 1820 1702 1858 obse-

277 1903 466 1960 quentia,
506 1897 894 1941 commemorabilis
942 1897 984 1938 in
1016 1914 1168 1950 magno
1209 1897 1439 1952 splendore
1478 1896 1700 1945 modestia,
1755 1911 1759 1922 ¹

278 1994 320 2022 et
348 1996 440 2020 rara
471 1994 638 2018 morum
667 1976 930 2016 sanctitudo:
962 1987 1211 2030 portentosa
1241 1974 1415 2014 adhaec
1437 1972 1592 2024 ingenii
1625 1972 1699 2023 vis,

274 2057 483 2100 memoria
514 2065 743 2110 expromta,
775 2069 898 2108 quam
931 2064 973 2092 et
1003 2052 1155 2092 herbae
1189 2051 1404 2107 cujusdam
1436 2066 1458 2090 a
1490 2066 1532 2090 se
1554 2066 1698 2105 reper-

274 2149 341 2178 tae
370 2152 449 2175 usu
487 2132 645 2173 auxisse
675 2132 833 2179 fertur,
874 2129 1048 2169 minime
1089 2129 1188 2169 licet
1225 2127 1474 2168 assentiente
1512 2127 1699 2183 Epipha-

274 2214 369 2264 nio3
401 2210 556 2252 subtile
587 2208 813 2265 judicium,
844 2208 973 2247 mirus
1006 2207 1046 2247 in
1080 2207 1259 2247 dicendo
1293 2206 1437 2260 lepos,
1474 2205 1610 2245 oratio
1643 2206 1696 2245 ad

273 2289 613 2347 persuadendum
645 2286 814 2339 efficax,
855 2285 959 2325 acris
989 2301 1113 2340 saepe
1146 2296 1186 2324 et
1218 2284 1465 2336 vehemens,
1505 2299 1581 2323 nec
1611 2294 1696 2323 tam

275 2368 501 2410 virtutibus
535 2365 731 2406 ornandis
762 2365 883 2414 sacta,
918 2379 1041 2418 quam
1075 2361 1292 2417 carpendis
1325 2360 1457 2410 vitiis,
1487 2360 1692 2401 mirabilis

272 2446 562 2492 humanarum,
596 2441 918 2496 divinarumque
949 2455 1089 2479 rerum
1121 2438 1315 2489 scientia,
1358 2450 1403 2478 ut
1431 2453 1556 2477 nemo
1590 2450 1697 2478 esset

274 2523 507 2579 primarum
548 2521 699 2561 artium
737 2518 867 2571 magis
907 2517 1117 2573 princeps.
1185 2518 1274 2557 Nec
1304 2517 1414 2556 fama
1443 2515 1603 2556 meritis
1633 2515 1697 2555 in-

394 2769 432 2822 ¹)
468 2768 553 2808 Csr.
586 2768 747 2808 Socrat.
783 2765 851 2807 lib.
885 2765 956 2805 Vl.
987 2780 1074 2819 cap.
1111 2762 1173 2805 12.

390 2840 432 2894 ²)
463 2838 546 2881 Ed.
578 2838 709 2877 Euat-i
741 2837 852 2877 sola:
886 2852 1034 2876 novae«
