1759 3125
462 80 854 123 ORIGENJANORUM
890 80 1033 121 Lnum
1062 79 1092 120 1.
1435 76 1491 121 39

72 195 149 236 τοῦ
180 193 231 236 ἐν
259 194 308 252 τῇ
340 192 553 248 ἐκκλησίᾳ
584 192 733 246 δηλοῖ·
769 189 1058 250 Ἀμβρόσιος,
1100 186 1256 233 ὅντινα
1287 186 1379 232 ἀπὸ
1410 191 1489 243 τῆς

69 267 245 323 πλάνης
272 273 551 327 Μαρκίωνος
580 271 641 318 εἰς
669 267 751 323 τὴν
781 266 1005 324 ἀληθινὴν
1033 270 1190 311 πίστιν
1215 265 1486 321 ἐπιστρέψαι

70 350 345 404 προείρηται,
377 350 666 405 προτρέψατο
695 345 916 403 Ὠριγένει
945 342 1023 393 τὰς
1053 348 1182 392 θείας
1210 339 1486 398 ὑπομνημα-

69 429 185 467 τίσαι
224 422 429 482 γραφὰς,
473 422 768 480 παρεσχηκώς
806 423 925 479 αὐτῷ
965 420 1077 466 ἑπτὰ
1119 419 1146 476 ἢ
1187 423 1264 463 καὶ
1302 422 1486 468 πλείους

68 505 316 555 νοταρίους.
386 501 533 556 Neque
572 501 648 541 hac
686 501 769 541 fine
808 500 924 541 stetit
961 499 1142 550 malum,
1188 498 1240 538 ad
1283 496 1483 553 pristinos

66 576 277 632 siquidem
309 593 470 618 errores
502 595 712 619 novorum
743 578 1026 619 accessionem
1055 575 1157 617 fecit
1185 573 1388 623 Photius,
1417 573 1485 614 vir

66 653 255 709 alioquin
294 655 488 695 litei-ariis
529 654 722 695 laudibus
761 656 994 706 abundans3
1033 656 1145 695 hunc
1184 653 1341 708 quippe
1380 650 1484 691 Hie-

64 730 300 789 ronymiani
330 731 580 788 interpretis,
612 748 738 787 quem
767 744 933 773 secutus
964 743 1047 781 est,
1078 733 1223 771 locum
1251 728 1326 770 tali
1354 727 1484 768 inter-

64 809 195 849 ductu
243 808 448 849 distinxit:
502 808 581 851 ’Ev
627 804 692 858 οἷς
734 807 958 864 παρόντος
1000 808 1260 866 Ὠριγένους
1318 803 1482 849 ἑαυτὸν

62 883 336 943 ὡμιληκέναι
366 884 479 928 κατὰ
511 890 706 941 μίμησιν
746 885 884 929 αὐτοῦ
926 886 977 929 ἒν
1015 888 1065 945 τῇ
1108 886 1319 940 ἐκκλησίᾳ
1351 883 1485 937 δηλοῖ

61 960 338 1018 Ἀμβρόσιος,
373 961 527 1005 ὅντινα
562 961 652 1006 ἀπὸ
683 965 760 1016 τῆς
796 961 970 1018 πλάνης
1000 967 1278 1022 Μαρκίωνος
1308 963 1371 1008 εἷς
1397 956 1481 1012 τὴν

64 1038 288 1093 ἀληθινὴν
335 1045 490 1083 πίστιν
538 1041 810 1097 ἐπιστρέψαι
854 1045 1140 1098 προείρηται·
1186 1041 1478 1099 προτρέψατο

63 1118 257 1175 (supplez
293 1115 579 1173 Ἱππόλυτος)
612 1117 834 1176 Ὠριγένει
874 1116 951 1168 τάς
986 1123 1116 1166 θείας
1154 1114 1477 1172 ὑπομνηματί-

61 1211 136 1239 σαι
166 1192 365 1252 γραφὰς,
397 1195 691 1252 παρεσχηκὼς
720 1195 839 1252 αὐτῷ
871 1194 998 1250 ἔπτὰ,
1031 1193 1058 1250 ἢ
1090 1199 1167 1239 καὶ
1182 1197 1366 1242 πλείους
1395 1207 1478 1235 νο-

61 1278 255 1331 ταρίους.
323 1273 386 1313 Ita
431 1272 579 1325 legisse
623 1272 882 1329 Photium1)
933 1274 1146 1314 declarant
1192 1272 1294 1313 haec
1340 1269 1476 1310 illius:

58 1353 256 1407 Λέγεται
287 1350 337 1394 δὲ
368 1352 444 1392 καὶ
475 1342 603 1399 οὗτος
630 1348 932 1408 (Ἱππόλυτος)
967 1353 1259 1408 προςομιλεῖν
1287 1349 1349 1404 τῷ
1381 1348 1475 1401 λαῷ

59 1426 171 1470 κατὰ
200 1431 397 1485 μίμησιν
422 1426 694 1486 Ὠριγένους,
739 1420 795 1472 οὗ
832 1431 910 1471 καὶ
948 1427 1150 1483 συνήθης
1184 1429 1262 1470 καὶ
1290 1422 1478 1481 ἐραστὴς

59 1508 150 1548 τῶν
179 1502 332 1561 λόγων
360 1502 587 1560 ὑπῆρχεν,
631 1503 691 1554 ὥς
727 1508 806 1548 καὶ
833 1509 1185 1562 προτρέψασθαι
1225 1500 1365 1545 αὐτὸν
1393 1498 1476 1554 τὴν

58 1587 192 1628 θείαν
220 1581 594 1640 ὑπομνηματίσαι
624 1579 837 1639 γραφήνὖ
876 1579 1213 1639 ἐγκαταστήσας
1242 1579 1362 1636 αὐτῷ
1396 1580 1474 1622 καὶ

59 1661 361 1719 ὑπογραφέας
390 1657 503 1702 ἑπτὰ
538 1657 879 1716 ταχυγράφους,
923 1661 1000 1702 καὶ
1029 1659 1205 1716 ἑτέρους
1231 1656 1475 1705 τοσούτους

59 1737 322 1796 γράφοντας
360 1739 420 1784 εἷς
460 1733 644 1789 κάλλος,
689 1726 753 1779 ὧν
788 1729 844 1791 ἦν
884 1739 961 1780 καὶ
998 1738 1073 1790 τῆς
1102 1734 1309 1789 δαπάνης
1340 1732 1475 1782 αὐτὸς

51 1813 263 1875 χορηγός.
340 1816 434 1856 Καὶ
476 1816 617 1856 ταῦτα
662 1812 1026 1873 ὑπηρετούμενος
1070 1813 1212 1870 αὐτῷ,
1261 1811 1475 1855 ἀπαιτεῖν

60 1892 198 1938 αὐτὸν
229 1888 543 1950 ἀπαραιτήτως
573 1888 621 1933 τὸ
655 1890 804 1947 ἔργον.
868 1891 944 1941 Ἐξ
976 1882 1029 1935 οὗ
1059 1893 1136 1933 καὶ
1167 1886 1474 1946 ἕργοδιώκτην

58 1973 107 2016 ἔν
135 1972 219 2027 μιᾷ
249 1972 340 2012 τῶν
371 1969 620 2012 ἐπιστολῶν
643 1968 767 2027 παρὰ
785 1968 1046 2026 Ὠριγένους
1066 1969 1303 2021 κληθῆναι.
1351 1965 1472 2020 Quae

59 2066 154 2091 cum
185 2064 233 2089 ex
263 2045 515 2103 Hieronymi
544 2046 707 2086 Graeco
739 2045 968 2102 interprete
1003 2045 1188 2086 derivata
1216 2043 1309 2094 sint,
1339 2043 1472 2084 mani-

55 2127 184 2168 festus
215 2135 277 2165 est
318 2124 583 2179 quorundam
623 2139 762 2174 error,
800 2122 991 2163 virorum
1028 2123 1138 2163 male
1176 2121 1469 2177 suspicacium,

57 2203 128 2261 qui
157 2217 366 2258 nuperum
397 2217 503 2256 opus
543 2216 629 2241 esse
658 2200 1053 2256 interpretationem
1083 2200 1188 2242 hane
1219 2200 1470 2257 conjectant.

57 2281 254 2323 Ceterum
284 2278 380 2319 hinc
413 2277 625 2334 aliquibus
662 2294 907 2335 persuasum
936 2277 1017 2319 fuit
1047 2277 1334 2335 Hippolytum
1363 2276 1470 2319 Ori-

53 2357 160 2411 geni,
189 2373 276 2397 non
304 2355 578 2396 Ambrosium
607 2357 661 2397 ad
692 2355 963 2412 explicandos
991 2355 1054 2396 rei
1082 2354 1290 2396 literariae
1310 2366 1470 2397 sumtus

53 2446 219 2491 praesto
253 2433 400 2475 fuisse:
434 2434 550 2489 quod
582 2449 705 2490 quam
736 2449 884 2474 verum
913 2432 980 2486 sit,
1010 2434 1149 2475 lector
1176 2432 1397 2482 existimet,
1429 2443 1470 2472 et

55 2512 412 2568 quemadmodum
454 2511 582 2552 falsae
624 2510 846 2567 opiniones
884 2510 1002 2567 quasi
1032 2527 1081 2552 ex
1108 2510 1282 2552 traduce
1312 2525 1468 2568 propa-

53 2601 211 2642 gentur.
268 2586 429 2631 Fraudi
460 2587 619 2645 quippe
648 2587 731 2630 fuit
759 2588 1022 2648 Hieronymo
1052 2587 1273 2641 Eusebius,
1303 2587 1467 2630 Graeco

173 2816 213 2871 1)
245 2816 333 2859 cfr.
364 2817 488 2859 Phot.
522 2818 628 2862 cod.
660 2819 753 2863 121.
