1759 3125
487 86 878 126 OmeEmANonum
907 85 1051 125 L1BER
1081 84 1135 123 ΙΙ.
1423 78 1505 124 311

90 210 292 239 moratam
331 197 454 237 Pauli
498 195 747 235 sententiam
788 193 1112 236 Commentariis
1159 191 1242 233 suis
1280 191 1508 239 illustrans,

93 274 254 330 liquido
287 273 469 313 declarat
499 272 670 325 angelos
703 289 844 313 rerum
874 273 953 313 sibi
990 282 1111 313 antea
1151 268 1413 310 occultarum
1467 278 1508 308 et

90 352 325 404 ignotarum
353 349 550 390 notitiam
581 366 629 390 ex
658 349 753 405 ipso
781 349 1094 405 Apostolorum
1125 363 1199 388 ore
1227 360 1506 400 comparasse,

91 439 132 468 et
160 427 204 467 in
232 426 282 466 iis
312 428 438 467 rebus
467 427 740 482 praecipuam
759 426 886 467 fuisse
905 425 1106 467 Gentium
1124 426 1175 465 ad
1193 423 1348 466 Christi
1375 422 1506 462 fidem

89 503 422 553 conversionem,
452 504 607 556 angelis
638 515 757 544 antea
796 503 1041 556 ignoratam.
1108 501 1288 542 Accedit
1325 501 1379 542 ad
1409 515 1506 540 ean-

88 581 185 620 dem
224 581 471 636 opinionem
510 581 796 639 Hieronymus
834 581 931 622 libr.
961 580 1001 623 2.
1042 580 1086 621 in
1115 579 1236 634 epist.
1267 579 1320 618 ad
1348 576 1503 632 EpheS.

93 673 181 712 cap.
212 656 251 701 3.
283 674 386 699 vers.
424 658 505 709 10.,
537 669 578 698 et
607 657 893 713 multiplicem
921 658 1039 699 illam
1070 655 1319 712 sapientiam
1349 653 1505 706 angelis

89 734 320 786 ignoratam
366 735 475 776 vitae
516 734 670 777 Christi
708 735 915 792 mysteriis
955 734 1165 776 contineri
1206 734 1346 775 docet.
1414 731 1506 771 Hos

88 812 160 852 alii
201 813 442 868 complures
481 811 614 852 secuti
654 823 764 853 sunt.
831 814 890 853 At
928 829 1024 853 cum
1061 811 1260 852 nonnulli
1290 826 1339 850 ex
1365 807 1416 849 iis
1447 807 1517 853 sicr

87 888 274 930 eruditos
312 888 567 930 crediderint
608 905 686 944 per
730 889 951 930 ecclesiam
981 889 1173 942 angelos,
1211 886 1329 944 quasi
1364 901 1507 926 rerum

86 976 211 1006 testes
245 978 285 1007 et
316 966 521 1017 conscios,
551 991 604 998 --
635 982 741 1022 quae
770 967 977 1008 sententia
1004 969 1057 1009 ad
1078 966 1299 1007 veritatem
1327 961 1505 1020 propius

86 1043 250 1084 accedit
280 1061 352 1096 -—;
383 1043 456 1084 alii
487 1043 604 1099 quasi
634 1044 888 1100 discipulos:
918 1044 1167 1100 posterioris
1182 1043 1304 1101 hujus
1336 1043 1507 1093 dogma-

85 1120 137 1160 tis
167 1132 315 1160 auctor
343 1121 470 1161 fuisse
501 1120 671 1161 videtur
703 1121 920 1174 Origenes,
981 1121 1052 1162 Sic
1084 1120 1195 1161 enim
1224 1131 1397 1176 perorat
1417 1118 1508 1159 Ho-

87 1198 175 1240 mil.
206 1197 274 1241 23.
309 1198 351 1238 in
380 1200 481 1240 Luc.
513 1199 662 1242 Docet
690 1202 843 1256 igitur
871 1198 1092 1241 Salvator
1122 1205 1300 1247 noster,
1330 1203 1377 1238 et
1405 1195 1504 1251 Spi-

87 1277 206 1317 ritus
234 1282 445 1327 sanctus,
475 1278 551 1331 qui
577 1277 753 1318 locutus
782 1282 850 1318 est
879 1278 928 1317 in,
951 1277 1210 1333 prophetis,
1241 1287 1332 1315 non
1360 1272 1506 1314 solum

87 1352 309 1402 homines,
352 1351 435 1394 sed
477 1355 620 1395 etiam
660 1353 870 1408 angelos,
914 1360 962 1395 et
1006 1355 1202 1395 virtutes
1247 1347 1505 1392 invisibiles.

91 1427 213 1482 Quid
239 1430 402 1485 loquar
439 1428 493 1472 de
529 1429 804 1473 Salvatore?
846 1429 1107 1487 Prophetae
1137 1442 1304 1485 quoque
1336 1429 1425 1483 ipsi
1458 1433 1504 1468 et

87 1507 296 1563 Apostoli
337 1520 467 1549 omne
505 1505 626 1563 quod
658 1515 903 1558 resonant,
942 1521 1033 1549 non
1061 1507 1206 1549 solum
1238 1505 1506 1555 hominibus,

86 1583 168 1626 sed
195 1593 240 1627 et
271 1585 451 1641 augelis
475 1583 769 1641 praedicant.
823 1583 956 1638 Quod
979 1592 1033 1627 ut
1052 1587 1170 1626 scias
1192 1596 1372 1626 verum:
1399 1582 1506 1636 „At-

88 1662 284 1718 tende,¹)
316 1664 488 1717 iuquit,
536 1663 728 1713 coelum,
779 1675 820 1704 et
860 1664 1073 1719 loquar:“
1109 1662 1240 1717 ‚,ln²)
1275 1670 1505 1715 conspectu

86 1741 331 1792 angelorum
362 1740 540 1796 psallam
570 1740 710 1780 tibi:“
740 1747 807 1782 et:
838 1741 1110 1794 ,‚Laudate³)
1136 1738 1374 1779 Dominum
1396 1735 1507 1776 coeli

88 1818 322 1869 coelorum,
355 1829 396 1857 et
425 1834 570 1873 aquae,
602 1834 708 1873 quae
739 1834 866 1873 super
897 1818 1041 1858 coelos
1070 1828 1188 1866 sunt,
1228 1816 1402 1855 laudent
1429 1829 1507 1853 no-

88 1910 187 1935 men
216 1894 454 1935 Domini:“
493 1900 560 1935 et:
600 1896 819 1945 „Laudent
833 1896 875 1950 4)
918 1911 1015 1935 eum
1045 1894 1235 1946 angeli:“
1265 1898 1333 1934 et:
1365 1890 1505 1946 ,‚In⁵)

88 1971 206 2012 omni
236 1972 334 2012 loco
367 1972 588 2026 potestatis
628 1971 714 2029 ejus
753 1972 933 2013 benedic
971 1972 1110 2012 anima
1146 1987 1242 2011 mea
1268 1968 1504 2009 Domino.“

86 2050 292 2092 Invenies
332 2051 382 2090 in
412 2048 628 2105 plurimis
668 2050 773 2091 locis
790 2084 800 2102 ‚
832 2057 879 2091 et
907 2052 1111 2092 maxime
1140 2050 1188 2089 in
1216 2045 1428 2095 Psalmis,
1458 2051 1504 2086 et

91 2125 156 2169 ad
185 2126 376 2182 angelos
404 2139 658 2168 sermonem
673 2127 813 2182 fieri,
844 2124 962 2169 data
991 2125 1168 2168 homiui
1187 2130 1435 2181 potestate,
1464 2123 1509 2164 ei

90 2213 261 2254 tamen,
293 2207 368 2259 qui
394 2203 618 2260 Spiritum
638 2213 851 2246 sanctum
881 2201 1035 2255 lia-bet,
1067 2211 1119 2246 ut
1140 2210 1186 2245 et
1215 2201 1406 2258 angelos
1437 2199 1504 2241 al-

89 2283 314 2337 loquatur.
374 2281 417 2324 Ε
445 2279 602 2336 qulbus
629 2294 769 2323 unum
798 2282 1058 2338 exemplum
1080 2293 1275 2337 ponam,
1305 2285 1358 2320 ut
1387 2278 1506 2319 scia-

89 2372 203 2414 mus,
234 2358 424 2414 angelos
462 2371 628 2414 quoque
668 2359 881 2402 humanis
916 2358 1097 2402 vocibus
1134 2355 1325 2401 erudiri.
1384 2354 1505 2398 Scri-

209 2542 247 2596 ¹)
281 2541 410 2581 Deut.
441 2541 622 2591 XXXII,
654 2543 690 2584 1.

207 2612 250 2666 2)
282 2611 437 2652 Psalm.
471 2610 747 2660 CXXXVffl,
780 2613 817 2654 1.
850 2614 1158 2668 (CXXXVII.)

207 2683 250 2734 ³)
284 2681 371 2723 Csr.
402 2681 555 2721 Psalmi.
589 2681 817 2731 CXLVlll,
847 2683 885 2724 4.
917 2685 956 2726 f).

208 2751 250 2804 ⁴)
282 2751 366 2791 Cha
398 2751 551 2792 Psalm.
585 2752 816 2806 CXLVlll‚
847 2751 886 2795 2.

211 2820 250 2874 5)
285 2820 370 2863 Csr.
402 2822 553 2864 Psalru.
585 2822 697 2874 Clll,
728 2823 794 2867 22.
827 2821 959 2877 (Cll.)
