1759 3125
232 49 317 94 252
633 48 776 92 Pzrm
805 48 1022 92 Dum-:ms
1054 48 1221 92 Hunm

236 174 340 205 nem
371 173 505 203 suum
530 160 798 218 pacificavit
828 161 1060 219 coelestia,
1099 168 1145 204 et
1175 161 1447 213 terrestria,
1481 166 1530 201 ut
1562 172 1659 202 coe-

235 240 423 283 lestibus
453 245 646 281 terrena
682 240 894 280 sociaret.
966 236 1088 291 Quae
1128 237 1268 279 verior
1309 249 1368 278 est
1400 236 1504 278 dicti
1533 236 1658 294 hujus

235 316 481 375 Apostolici
513 315 745 370 expositio,
787 326 829 356 et
870 331 994 371 quam
1033 325 1176 356 tuetur
1214 315 1469 368 Augustinus
1500 314 1542 355 in
1574 314 1660 356 En-

237 394 417 438 chiridio
451 394 503 434 ad
534 392 726 435 Laurent.
760 409 850 448 cap.
872 391 941 436 61.
1003 391 1134 445 Quod
1166 392 1200 433 si
1232 392 1337 433 olim
1369 409 1539 450 quoque
1569 410 1662 450 pas—

236 489 380 516 surum
412 470 627 513 Christum
656 486 701 510 re
733 470 845 526 ipsa,
882 469 945 510 uti
986 469 1142 519 fertur,
1180 471 1411 511 autumavit
1442 471 1660 524 Origenes,

237 550 486 607 opinionem
517 565 633 589 suam
665 547 905 589 fundaverit
939 563 1067 603 super
1099 546 1260 588 dictum
1289 546 1425 590 illud:
1455 543 1661 594 ’.Ἀνωθεν

236 631 385 687 μέλλω
418 629 751 684 σταυροῦσθαι·
784 626 901 681 quod
932 624 973 666 in
1005 624 1123 667 Actis
1154 624 1278 666 Pauli
1311 624 1478 667 Christo
1510 625 1660 666 tribui-

234 719 327 760 tur,
364 718 412 747 ut
448 721 497 747 ex
537 704 722 757 Origene
760 703 853 760 ipso
893 702 1092 745 discimus
1132 703 1274 745 Tomo
1313 702 1381 746 20.
1422 701 1467 744 in
1506 702 1660 746 Joann.

233 801 349 827 num.
385 783 451 827 12.

351 860 510 903 XXVI.
569 859 717 916 Neque
758 875 858 900 vero
899 858 942 900 in
982 875 1033 900 co
1073 859 1261 916 primum
1300 859 1402 901 haec
1442 860 1494 900 de
1524 871 1662 901 morte

240 938 396 983 Christi
437 938 631 978 damnata
674 949 735 978 est
777 936 946 994 opinio:
999 938 1189 979 confutat
1240 954 1331 979 earn
1372 937 1661 978 Tertullianus

238 1018 333 1059 libr.
367 1018 419 1058 de
453 1031 574 1057 carne
606 1013 775 1065 Christi,
806 1031 894 1071 cap.
917 1015 980 1058 14.
1039 1013 1133 1058 Sed
1161 1016 1394 1073 angelum,
1427 1013 1555 1072 ajunt,
1582 1028 1664 1071 ge-

236 1097 379 1139 stavit
413 1093 635 1137 Clzrc'stus.
699 1092 801 1144 Qua
829 1094 1047 1136 ratione?
1081 1094 1183 1146 Qua
1212 1099 1255 1135 et
1288 1092 1527 1134 hominem.
1569 1091 1666 1135 Ea-

240 1171 343 1215 dem
372 1183 485 1227 ergo
516 1176 581 1212 est
613 1175 658 1211 et
691 1182 870 1224 caussa,
902 1177 952 1212 ut
985 1169 1214 1214 hominem
1239 1176 1467 1227 gestaret.
1532 1169 1663 1213 Cleri-

239 1257 336 1293 stus
365 1248 488 1291 salus
520 1246 712 1290 lzomz'm's
740 1245 862 1298 faz‘t;
899 1261 1064 1291 caussa
1102 1249 1271 1291 scilicet
1317 1245 1382 1290 ad
1418 1250 1664 1290 restituen-

239 1325 348 1371 dam
377 1322 498 1382 quoa'
519 1325 743 1381 perierat.
790 1324 934 1366 Homo
960 1327 1187 1381 perierat,
1220 1324 1448 1367 hominem
1478 1327 1669 1367 restitut·

240 1408 522 1462 oportuerat.
590 1401 652 1445 Ut
683 1394 904 1458 angelum
929 1410 1146 1458 gestaret
1171 1401 1394 1457 Curinus,
1426 1400 1546 1445 nihil
1572 1403 1666 1446 tale

239 1481 295 1526 de
326 1492 492 1524 caussa
520 1485 616 1529 est;
655 1492 766 1521 nam
804 1481 896 1521 etse?
921 1480 1085 1537 angeli
1103 1478 1307 1538 perditio
1337 1487 1587 1539 reputatur
1616 1484 1666 1523 in

241 1563 399 1617 ignem
423 1563 768 1615 praeparatum
792 1553 989 1609 diabolo,
1020 1563 1065 1600 et
1087 1558 1269 1615 angelis
1289 1560 1401 1616 ejus,
1427 1571 1665 1616 nunquam

242 1646 401 1681 tamen
442 1634 532 1678 illis
569 1636 804 1677 restitutio
844 1638 1123 1692 repromissa
1162 1642 1242 1682 est.
1313 1636 1502 1680 Nullam
1533 1650 1665 1680 man-

240 1698 405 1759 datum
443 1710 497 1756 de
534 1712 684 1756 salute
726 1713 1000 1770 angelorum
1035 1715 1232 1772 suscepit
1274 1712 1482 1759 Christus
1512 1729 1542 1758 a
1571 1715 1665 1759 Pa-

244 1800 331 1836 tre.
393 1788 526 1845 Quod
552 1790 872 1849 Paterneqae
901 1794 1190 1850 repromz‘sz’t,
1231 1804 1372 1848 neque
1410 1791 1665 1844 mandavit,

246 1869 455 1914 Christus
487 1866 821 1912 administrare
852 1882 940 1912 non
965 1871 1135 1927 potu-lt.
1194 1869 1315 1911 Hanc
1345 1882 1486 1913 autem
1517 1871 1666 1924 Orige-

243 1949 307 1991 nis
338 1947 587 1990 sententiam
618 1947 662 1989 in
680 1947 1019 1990 Commentarios
1050 1963 1148 1989 suos
1179 1947 1221 1988 in
1244 1947 1411 2004 epistol.
1437 1948 1488 1988 ad
1508 1947 1662 2004 Ephes.

242 2025 455 2069 transtulit
483 2023 792 2083 HieronymuS,
835 2025 950 2084 cujus
991 2026 1094 2068 haec
1132 2026 1260 2066 verba
1299 2036 1397 2066 sunt
1428 2024 1523 2066 libr.
1555 2027 1592 2069 1.
1623 2027 1666 2067 in

243 2121 334 2162 cap.
367 2103 404 2147 1.
447 2117 537 2142 vers
568 2100 636 2144 22.
708 2102 800 2145 Cur
840 2111 995 2147 autem
1036 2104 1215 2153 omnia,
1267 2098 1318 2144 id
1353 2108 1443 2154 est,
1491 2104 1665 2160 angeli,

244 2181 429 2236 throni,
459 2177 820 2233 dominationes,
852 2187 1128 2238 potestaten,
1169 2186 1214 2223 et
1245 2180 1437 2222 virtutes
1468 2187 1662 2235 ceterae,

243 2272 361 2319 quae
390 2269 623 2314 nunquam
648 2256 847 2310 fuerant
887 2259 1157 2301 contrariae
1182 2258 1304 2311 Deo,
1344 2259 1440 2317 ejzcs
1471 2257 1665 2317 pedibus

244 2338 580 2396 subjiciantur,
625 2333 808 2378 videtur
857 2334 1106 2380 obscurum.
1183 2336 1340 2380 Potest
1388 2339 1543 2393 itaque
1580 2349 1661 2380 re-

242 2412 478 2475 sponderi,
527 2411 646 2471 qaod
681 2415 849 2471 absque
883 2421 1074 2471 peccato
1114 2414 1265 2457 nullus
1303 2416 1387 2466 sit,
1425 2420 1469 2457 et
1507 2412 1662 2460 sidera

244 2496 347 2552 ipsa
377 2505 466 2535 non
496 2494 590 2535 sint
618 2489 793 2535 munda
831 2504 986 2534 coram
1025 2491 1141 2546 Deo,
1183 2495 1409 2550 omnisque
1438 2500 1663 2537 creatura

239 2576 413 2630 paveat
446 2569 680 2612 Creatore's
709 2567 969 2613 adventum.
1038 2568 1165 2614 Unde
1204 2578 1252 2613 et
1292 2583 1411 2614 crux
1438 2571 1660 2615 Salvato-

245 2651 312 2692 νίς
343 2661 434 2691 non
464 2648 607 2690 solum
638 2661 715 2699 ea,
747 2661 860 2704 quae
889 2650 936 2690 in
971 2656 1125 2704 terra,
1165 2646 1245 2691 sed
1271 2651 1413 2691 etiam
1444 2662 1514 2702 ea,
1545 2663 1660 2706 quae

247 2729 296 2770 in
340 2726 471 2770 coelis
520 2732 673 2777 erant,
718 2738 947 2783 purgasse
991 2725 1282 2784 perhibetur:
1333 2739 1375 2770 et
1420 2727 1464 2769 in
1503 2745 1591 2786 cap.
1620 2729 1660 2774 2.

246 2822 338 2848 vers
372 2805 435 2849 11.
501 2803 711 2847 Ceterum
741 2806 818 2860 qui
843 2802 960 2847 illud
986 2805 1191 2864 Apostoli
1220 2805 1357 2864 legit,
1397 2803 1451 2849 de
1483 2804 1660 2850 Clzre'sto
