1759 3125
253 113 308 156 (38
673 109 812 151 Pn'rm
841 109 1056 150 DAnmms
1088 107 1249 150 Humu

256 222 508 266 Maximinus
540 220 712 277 optavit.
760 221 928 263 Bellum
953 222 1226 277 atroxitaquc
1256 217 1454 261 ecclesiae
1479 218 1670 268 insertur,

255 303 534 356 neglectoque
581 298 913 340 Christianorum
961 299 1110 351 vulgo,
1159 298 1394 339 sacerdotes
1446 295 1575 336 morti
1624 312 1671 335 ac

257 378 470 435 supplicio
503 376 784 428 destinantur,
828 388 876 416 ut
905 374 1100 417 detractis
1133 373 1340 415 columnis
1370 374 1575 414 labefacta
1606 388 1671 412 ae-

260 458 332 498 des
364 465 589 495 corrueret.
651 453 711 502 ld,
744 454 808 493 vel
842 454 896 493 ob
928 469 1057 492 unum
1089 452 1269 491 maxime
1300 450 1539 503 Origenem‚
1574 465 1673 490 con-

261 532 347 574 silii
396 532 522 573 fuisse
565 541 804 585 susceptum
846 531 976 570 refert
1013 528 1190 570 Orosius
1230 528 1302 569 lib.
1334 528 1429 569 VlI.
1471 544 1560 583 cap.
1594 526 1674 575 19„

263 622 305 652 et
332 622 431 667 post
463 625 559 650 eum
591 607 722 658 Beda,
748 607 787 662 ¹)
819 606 1084 661 Freculphus
1116 606 1272 648 Chron.
1305 606 1428 646 Tom.
1451 606 1505 646 ΙΙ.
1539 605 1611 645 lib.
1633 604 1675 647 3.

266 687 428 745 cap.2.,
459 698 500 728 ct
529 684 743 727 Marianus
775 684 927 726 Scotus
958 683 1011 724 ad
1041 700 1132 725 ann.
1152 682 1274 735 239.;
1303 682 1478 732 idcirco,
1509 681 1677 738 opinor,

266 766 382 823 quod
414 764 534 822 hujus
566 761 795 819 praecipue
833 761 1014 816 pietate,
1061 759 1249 815 scriptis,
1297 758 1591 809 concionibus,
1638 770 1679 798 ct

265 842 459 899 exemplo
500 839 732 882 Christiana
769 838 873 878 fides
914 853 1109 890 magnum
1153 836 1234 894 jam
1276 837 1582 889 incrementum
1615 852 1680 876 ac-

266 921 455 978 cepisset,
488 929 530 960 et
558 933 689 973 porro
724 926 895 971 captura
926 915 1153 957 videretur.

376 999 435 1039 II.
492 993 709 1048 Ingruenti
745 992 937 1049 periculo
987 993 1083 1045 fuga
1127 1008 1171 1033 se
1221 991 1419 1032 subduxit
1464 991 1681 1043 Origenes,

267 1076 419 1131 cum²)
449 1073 579 1130 paulo
612 1083 706 1112 ante
738 1069 1014 1123 Gregorium,
1054 1081 1096 1110 et
1136 1068 1460 1110 Athenodorum
1489 1079 1587 1124 post
1617 1083 1683 1107 cx-

266 1166 380 1195 actos
410 1152 454 1192 in
487 1149 678 1191 exhedris
708 1148 791 1190 suis
833 1164 962 1188 annos
1003 1147 1187 1203 quinque
1228 1145 1271 1186 in
1307 1145 1486 1201 patriam
1525 1144 1684 1185 reditu—

267 1247 336 1272 ros
377 1246 398 1270 a
437 1244 480 1269 se
518 1226 734 1268 amisisset.
800 1225 856 1266 Et
893 1237 983 1265 tum
1031 1225 1083 1264 ad
1122 1222 1417 1264 Firmilianum
1459 1221 1684 1263 Caesareae

268 1305 562 1363 Cappadociae
610 1302 881 1359 episcopum,
930 1317 1093 1342 summa
1135 1300 1215 1341 sibi
1262 1298 1570 1340 necessitudine
1610 1300 1683 1339 de-

267 1385 469 1433 vinctum,
498 1393 588 1422 tota
620 1397 714 1421 cum
744 1378 998 1420 Firmiliano
1032 1377 1236 1418 invitante
1269 1393 1365 1417 eum
1397 1375 1682 1432 Cappadocia,

269 1461 418 1515 fugisse
451 1458 572 1499 certis
602 1456 835 1498 rationibus
865 1457 918 1496 ad
950 1456 1207 1496 credendum
1231 1454 1345 1495 ducti
1375 1470 1531 1495 sumus.
1576 1452 1686 1494 Cum

269 1539 380 1581 enim
411 1533 730 1593 probaverimus
759 1549 907 1589 supra,
949 1532 991 1573 in
1034 1532 1202 1588 quintae
1239 1530 1546 1587 persecutionis
1578 1542 1684 1571 tem—

269 1621 374 1675 pora
404 1617 543 1668 fugam
573 1613 679 1653 hanc
711 1611 858 1652 cadere
887 1610 1135 1667 neutiquam
1164 1625 1302 1665 posse,
1340 1620 1532 1664 superest
1559 1620 1606 1649 ut
1636 1610 1689 1649 ad

269 1706 448 1742 sextam,
488 1706 594 1748 quae
625 1688 707 1730 suit
736 1687 979 1739 Maximini,
1020 1688 1087 1728 vel
1129 1688 1181 1727 ad
1210 1685 1438 1727 Decianam
1469 1686 1689 1728 referatur.

272 1770 404 1827 Atqui
432 1767 590 1811 Decius
630 1765 849 1807 biennium
879 1781 966 1805 non
1000 1764 1184 1821 explevit
1213 1763 1257 1804 in
1285 1763 1492 1819 imperio,
1533 1763 1689 1819 diuque

274 1848 421 1897 etiam,
452 1847 553 1887 dum
584 1861 725 1885 rerum
754 1842 917 1899 potitus
949 1855 1034 1893 est,
1067 1842 1110 1882 in
1141 1841 1319 1882 vinculis
1355 1840 1435 1880 suit
1465 1839 1690 1891 Origenc53
1752 1862 1759 1873 ι

275 1941 370 1966 cum
409 1935 502 1964 toto
543 1921 716 1962 biennio
755 1920 847 1961 illic
886 1920 999 1975 apud
1036 1918 1247 1961 Julianam
1287 1916 1476 1966 latuerit,
1516 1928 1562 1957 ut
1591 1916 1691 1958 scri-

274 2015 395 2059 ptum
429 2012 489 2042 est
519 2016 542 2041 a
571 1997 779 2039 Palladio.
840 1996 1028 2039 Omnino
1069 1996 1198 2048 igitur
1228 1995 1270 2035 in
1301 1993 1521 2035 Maximini
1550 2010 1692 2049 perse-

276 2078 490 2119 cutionem
520 2075 670 2116 incidit
701 2073 980 2117 Caesariensis
1020 2073 1098 2114 iste
1129 2087 1326 2113 secessus.
1395 2070 1690 2112 Firmilianum

277 2171 470 2213 quoque,
501 2170 596 2194 cum
627 2153 751 2192 rebus
782 2151 871 2207 ipse
909 2151 993 2191 suis
1034 2150 1294 2198 consuleret,
1326 2174 1377 2180 —
1408 2148 1460 2188 ad
1491 2147 1691 2189 ecclesiae

277 2232 436 2289 quippe
448 2230 659 2288 praesides
671 2228 937 2285 potissimum
951 2227 1187 2284 pertinebat
1199 2225 1437 2284 periculum
1449 2251 1514 2277 —‚
1536 2225 1692 2266 alicubi

278 2309 459 2360 latuisse,
490 2320 531 2350 et
561 2323 655 2349 cum
688 2305 872 2358 Origene
903 2306 1094 2355 fortasse,
1126 2304 1330 2346 credibile
1362 2314 1443 2355 est„
1466 2314 1689 2359 postquam

396 2546 436 2602 ¹)
470 2544 556 2587 Cfr.
587 2544 704 2585 Beda
734 2545 786 2584 de
816 2558 884 2583 sex
914 2542 1080 2585 aetatib.
1112 2543 1153 2584 in
1184 2542 1432 2585 BIaximino.

395 2614 438 2671 2)
469 2613 708 2655 Verisimile
747 2629 834 2652 non
875 2622 938 2651 est
980 2610 1061 2668 jam
1098 2625 1187 2653 tum
1226 2613 1268 2653 in
1307 2612 1486 2667 patriam
1517 2612 1688 2653 rediisse

279 2670 533 2724 Gregorium
564 2681 605 2710 et
635 2669 722 2727 ejus
751 2670 935 2709 fram-‚em
999 2669 1203 2710 Videntur
1241 2669 1382 2734 potius
1424 2668 1548 2709 ambo
1589 2668 1688 2710 Ale-

278 2727 493 2770 xandriam
521 2726 740 2778 migrasse,
780 2725 931 2765 deinde
969 2737 1139 2766 mortuo
1181 2725 1412 2767 Maximino
1456 2725 1509 2765 ad
1540 2724 1687 2777 O1ige-

278 2802 398 2835 nem,
436 2800 483 2825 ac
521 2785 693 2824 demum
733 2783 785 2822 ad
821 2780 1000 2837 patriam
1038 2782 1225 2828 1ediisse.
1292 2782 1400 2823 Vide
1443 2793 1564 2823 notas
1594 2797 1684 2836 pag.

279 2842 347 2886 63.
377 2852 464 2882 not.
500 2840 536 2883 1.
567 2851 608 2880 et
636 2855 727 2895 pag.
757 2838 825 2884 64.
855 2849 946 2878 not.
979 2838 1013 2880 1.
1049 2840 1099 2879 R.
