1759 3125
237 69 293 113 40
652 72 794 114 Pmm
826 73 1040 115 DAmr-:ms
1072 75 1238 116 HUETn

241 181 462 238 interpreti
492 181 789 242 Hieronymus,
820 186 976 226 Photio
1010 187 1195 228 Graecus
1223 187 1440 242 interpres,
1472 186 1662 227 innume-

239 259 296 301 ris
324 259 415 301 aliis
445 259 536 316 ipse
567 261 767 314 photius,
803 275 843 303 et
876 280 1000 319 quem
1032 265 1083 304 ab
1114 264 1196 304 alio
1228 263 1514 319 unusquisque
1547 279 1662 304 acce-

240 336 308 394 pit
339 353 539 388 errorem,
570 338 692 379 novis
725 339 877 380 deinde
911 341 1152 384 cumulavit.
1213 342 1298 383 Sed
1328 341 1429 381 haec
1450 341 1660 381 hactenus.

245 412 455 456 Omnibus
477 413 514 470 ¹)
554 413 682 466 igitur
710 417 834 457 rebus
866 417 1041 470 Origeni
1071 419 1368 459 commodabat
1399 417 1661 465 Ambrosius,

245 502 287 531 et
317 506 590 547 quaecunque
620 493 672 533 ad
697 494 887 548 corporis
920 495 1078 535 cultum
1110 495 1394 550 pertinebant,
1435 511 1481 534 ac
1511 493 1660 542 studia,

243 567 357 620 large
387 567 498 618 huic,
531 568 648 624 quasi
680 569 840 622 virgula
869 572 1020 622 divina,
1053 574 1105 612 ab
1138 589 1187 612 co
1205 574 1526 627 praebebantur.
1576 572 1664 610 No—

242 645 371 686 tarios
399 644 541 701 itaque
571 646 748 687 habebat
778 649 829 688 ad
859 665 1028 688 manum
1059 650 1155 704 plus
1185 661 1369 704 septem,
1410 648 1480 704 qui
1512 647 1665 687 dictata

246 737 295 762 ex
326 738 400 763 ore
430 723 642 779 loquentis
674 725 934 781 exciperent,
973 727 1153 767 totidem
1194 724 1388 765 librarios
1420 742 1515 765 cum
1545 724 1666 779 puel-

246 798 312 850 lis,
343 816 447 856 quae
476 814 755 856 properanter
784 803 938 858 scripta
971 803 1144 844 nitidius
1177 814 1403 843 exararent.

359 877 435 918 IX.
494 877 644 932 Neque
660 879 703 935 2)
733 880 813 920 sibi
843 896 939 921 sane
969 881 1045 921 hac
1078 880 1221 920 oblata
1264 880 1463 920 facultate
1507 877 1664 928 defuit;

245 953 617 995 beneficentissimi
649 957 807 1013 quippe
837 957 1018 998 hominis
1049 958 1303 998 liberalitate
1331 974 1449 1007 usus,
1481 955 1666 1012 quinque

248 1030 414 1086 priores
446 1031 862 1075 Commentariorum
892 1034 934 1075 in
964 1034 1175 1076 Joannem
1205 1036 1388 1084 Tomos,
1429 1045 1470 1074 et
1498 1032 1665 1073 initium

247 1108 354 1149 sexti
384 1108 660 1152 Alexandriae
691 1112 772 1153 hoc
802 1124 1011 1169 tempore,
1044 1125 1086 1154 et
1115 1129 1163 1153 ex
1195 1111 1393 1160 Achaico,
1426 1111 1542 1167 quod
1568 1125 1667 1148 mox

249 1199 530 1242 exponemus,
567 1187 718 1229 itinere
756 1191 888 1231 redux
920 1189 1164 1232 elaboravit.
1227 1190 1341 1232 Octo
1373 1189 1475 1229 item
1504 1187 1669 1243 priores

246 1261 292 1304 in
322 1262 518 1305 Genesin*
532 1264 695 1307 Tomos
727 1282 747 1306 e
781 1267 1010 1308 duodecim
1043 1267 1246 1308 confecit:
1278 1266 1469 1307 Psalmos
1499 1265 1670 1306 adhaec

249 1340 445 1396 exposuit
482 1341 630 1395 viginti
668 1344 851 1400 quinque
889 1346 1078 1400 priores,
1127 1343 1316 1401 quamvis
1362 1344 1504 1398 plures
1542 1341 1670 1382 etiam

248 1417 427 1460 subinde
458 1419 733 1472 enarraverit,
772 1432 819 1461 ut
849 1422 1036 1463 dicemus
1066 1422 1195 1473 infra3
1235 1433 1275 1462 ct
1314 1420 1524 1461 Jeremiae
1565 1434 1672 1474 quo-

251 1511 333 1552 que
371 1497 712 1538 Lamentationes
763 1498 864 1539 totis
912 1500 1201 1540 voluminibus
1246 1499 1544 1554 interpretatus
1596 1507 1669 1536 est.

255 1574 376 1627 Adde
417 1574 549 1614 libros
589 1574 641 1614 de
678 1574 925 1631 Principiis,
972 1588 1013 1617 et
1044 1581 1320 1631 στρωματεῖς
1351 1577 1519 1616 decem:
1565 1589 1671 1630 quos

251 1651 399 1692 eadem
427 1662 677 1708 tempestate
710 1653 986 1695 Alexandriae
1018 1653 1273 1711 composuit.

363 1731 418 1771 X.
477 1729 556 1770 His
572 1730 611 1786 3)
643 1729 853 1771 intentum
892 1731 1040 1772 studiis
1081 1732 1309 1785 Origenem
1347 1729 1673 1786 interpellarunt

251 1807 420 1859 negotia
452 1807 748 1858 ecclesiastica,
780 1825 961 1865 quorum
991 1809 1121 1862 gratia
1150 1810 1193 1850 in
1224 1809 1425 1852 Achaiam
1457 1807 1672 1862 profectus

255 1894 329 1925 est.
388 1885 568 1936 Negotia
608 1885 682 1925 illa
723 1902 828 1940 quae
868 1887 1046 1936 fuerint,
1086 1904 1171 1927 non
1213 1886 1414 1942 expressit
1442 1882 1671 1932 Eusebius3

251 1960 462 2002 Baronius
502 1962 554 2001 ad
591 1977 684 2003 ann.
717 1962 812 2005 230.
850 1980 965 2005 num.
999 1965 1035 2005 7.
1081 1963 1331 2020 conjecturis
1371 1961 1558 2016 reperire
1600 1976 1673 1999 vo-

253 2036 356 2089 luit;
393 2054 526 2094 eaque
566 2039 620 2079 de
660 2055 799 2080 caussa
835 2041 1077 2095 profectum
1117 2040 1160 2081 in
1190 2040 1412 2081 Graeciam
1444 2039 1672 2091 Origenem

254 2113 428 2167 divinat,
465 2127 512 2156 ut
529 2114 569 2172 ⁴)
601 2115 926 2171 Nicopolitanae
969 2118 1166 2159 editionis
1208 2118 1317 2159 circa
1345 2119 1448 2159 haec
1477 2129 1672 2172 tempora

375 2311 416 2368 ¹)
447 2311 534 2354 Cfr.
563 2312 719 2356 Euseb.
749 2315 859 2357 Hist.
892 2317 1039 2358 eccles.
1075 2318 1147 2358 lib.
1180 2318 1253 2358 VI.
1286 2333 1374 2373 cap.
1406 2315 1472 2359 23.

372 2381 417 2439 ²)
449 2381 540 2424 Cfr.
569 2382 724 2426 Euseb.
754 2385 860 2429 Hist.
893 2388 1040 2429 eccles.
1075 2388 1147 2430 lib.
1181 2389 1252 2430 Vl.
1287 2404 1375 2443 cap.
1406 2386 1473 2429 24.

372 2453 416 2509 ³)
449 2452 536 2495 Cfr.
566 2453 722 2497 Euseb.
749 2456 856 2498 Hist.
889 2459 1039 2500 eccles.
1073 2458 1147 2499 lib.
1178 2459 1249 2499 VI.
1281 2475 1373 2513 cap.
1405 2456 1473 2500 23·

376 2521 419 2579 ⁴)
450 2523 601 2565 Refert
644 2525 851 2568 Eusebius
897 2528 1006 2570 Hist.
1056 2529 1202 2570 eccles.
1253 2528 1325 2569 lib.
1357 2529 1428 2568 VI.
1470 2542 1557 2580 cap.
1595 2525 1671 2573 lb'.²

257 2595 384 2622 unam
425 2595 473 2620 ex
511 2580 644 2623 tribus
684 2584 902 2642 anonymis
949 2585 1190 2641 Scripturae
1236 2580 1669 2639 interpretationibus,

257 2636 409 2693 quibus
450 2635 493 2677 in
537 2637 737 2696 Hexaplis
785 2658 883 2682 usus
929 2653 990 2682 est
1037 2643 1262 2694 Origenes,
1308 2639 1512 2695 Nicopoli
1560 2638 1674 2695 juxta

256 2693 431 2735 Aetium
459 2692 587 2735 fuisse
616 2695 850 2748 inventam,
890 2699 963 2738 sed
993 2714 1196 2755 quaenam
1225 2699 1299 2738 illa
1327 2697 1401 2746 sit,
1432 2713 1483 2737 an
1516 2694 1674 2750 quinta,

260 2766 313 2792 an
341 2761 476 2801 sexta,
515 2762 557 2791 et
598 2768 682 2807 quo
713 2765 907 2811 tempore
947 2755 1113 2795 inventa
1152 2771 1237 2795 non
1266 2755 1454 2795 adnotat.
1513 2755 1675 2792 Auctor

262 2807 506 2866 synopseos
536 2806 646 2850 inter
676 2827 804 2867 opera
841 2812 1112 2853 Athanasiana
1151 2827 1294 2861 cusae,
1336 2823 1377 2851 et
1414 2807 1676 2865 Epiphanius
