1759 3125
592 106 827 147 Excunsus
864 103 921 145 VI
927 137 935 145 .
1413 99 1499 148 401

86 219 339 275 precationis
369 219 541 274 proprie
574 229 614 258 et
644 218 780 258 minus
809 215 983 272 proprie
1015 216 1164 266 dictae,
1196 216 1319 257 aliam
1349 235 1392 259 m
1424 221 1496 261 Fi-

90 296 150 336 lio
182 313 227 337 ae
258 297 299 336 in
329 297 453 337 Patre
482 306 685 343 naturam,
716 305 787 334 aut
812 291 1018 348 majorem
1057 293 1317 334 minoremve
1348 307 1500 351 poten-

90 373 189 414 tiam
223 372 420 424 designat,
453 389 546 412 cum
578 371 727 411 iisdem
759 371 810 410 de
843 369 987 420 causiS,
1018 382 1108 410 tum
1140 370 1236 426 quia
1256 387 1379 428 saepe
1403 373 1500 414 Ori-

87 467 223 502 genes,
253 461 300 489 ut
330 450 484 490 fatetur
509 447 710 496 Huefius,
751 447 803 487 ad
845 445 985 501 ipsum
1014 445 1175 487 Filium
1212 465 1358 503 preces
1400 449 1502 491 diri-

87 527 158 578 git,
191 537 231 566 et
261 526 342 566 hoc
371 526 464 580 ipso
498 525 538 565 in
579 525 675 564 loco
716 522 1072 578 supplicationes,
1113 526 1338 575 gratiarum
1368 527 1501 568 actio-

86 619 181 653 nes,
228 614 269 642 et
311 602 615 657 postulationes
660 601 696 641 ei
737 601 895 641 debitas
936 601 1072 641 docet.
1132 601 1228 642 Huc
1265 619 1362 655 ergo
1393 604 1503 645 redit

86 691 176 720 tota
207 680 277 720 itta
311 678 539 727 distinctio,
570 689 615 717 ut
645 681 910 735 προσευχῆς,
942 679 1028 719 sive
1045 678 1300 734 precationis
1330 681 1502 721 nomine

89 775 154 798 eas
194 773 340 812 preces
378 755 686 806 intelligamuS,
730 772 834 811 quae
872 756 924 796 ad
963 755 1157 797 ordinem
1195 756 1305 798 inter
1345 758 1504 799 divinas

86 850 284 889 personas
314 832 645 873 intercedentem
676 833 1074 883 accommodantur,
1115 833 1171 874 ita
1200 845 1270 885 ut,
1302 851 1397 875 cum
1425 835 1504 876 Pa-

86 922 150 950 ter
180 909 406 951 divinitatis
439 909 532 949 fons
565 921 606 949 et
637 909 756 961 origo
786 909 864 959 sit,
901 912 952 951 ad
994 926 1089 950 eum
1122 909 1366 962 dirigantur.
1424 912 1503 953 Pa-

85 999 193 1027 trem
234 1003 284 1027 eo
327 1003 450 1026 sensu
491 986 621 1038 magis
655 1003 879 1041 precamur
910 1003 1033 1042 quam
1066 987 1250 1037 Filium,
1289 1004 1375 1028 non
1408 989 1504 1044 quia

89 1063 253 1118 saepius
285 1075 355 1103 aut
385 1064 532 1112 acrius,
563 1064 636 1103 scd
667 1062 763 1118 quia
793 1080 871 1118 per
897 1063 1059 1104 Filium
1098 1080 1333 1119 precamur.
1400 1067 1505 1106 Nut-

91 1141 179 1180 lum
210 1156 305 1180 sane
338 1140 450 1179 aliud
492 1139 714 1179 discrimen
754 1141 866 1195 apud
908 1140 1135 1193 Origenem
1173 1141 1358 1196 reperias
1397 1142 1507 1183 inter

91 1234 158 1259 eas
188 1234 359 1273 preces,
408 1233 513 1272 quae
543 1216 685 1265 Patri,
737 1230 778 1257 et
815 1233 904 1267 eas,
954 1234 1059 1273 quae
1099 1217 1214 1258 Filio
1248 1218 1506 1259 deferuntur.

89 1298 228 1350 Atque
260 1296 360 1335 haec
391 1293 478 1349 ejus
507 1293 711 1333 sententia
743 1310 794 1334 eo
824 1293 962 1334 minus
992 1294 1280 1349 vituperanda,
1312 1297 1428 1350 quod
1459 1312 1508 1336 ex

92 1371 292 1412 ecclesiae
336 1369 659 1419 consuetudine,
700 1382 741 1410 et
775 1371 1040 1425 publicarum
1070 1388 1269 1426 precum,
1312 1389 1416 1427 quae
1454 1373 1507 1413 ad

86 1449 256 1489 Patrem
290 1447 544 1500 diriguntur,
583 1447 775 1488 instituto
809 1449 988 1490 deducta
1018 1448 1222 1490 videatur.
1262 1449 1386 1489 Tanti
1416 1466 1508 1489 mo-

91 1525 224 1565 menti
266 1525 349 1565 visa
388 1541 453 1564 res
497 1536 557 1564 est
588 1525 798 1580 episcopis
829 1526 1061 1576 Africanis,
1108 1537 1155 1566 ut
1186 1542 1276 1566 eam
1308 1543 1508 1582 compro-

91 1605 193 1643 bent
224 1614 265 1643 et
296 1603 521 1642 decernant
554 1600 656 1641 Can.
676 1602 742 1645 23.
777 1603 940 1643 Concil.
974 1603 1162 1655 Carthag.
1182 1602 1221 1647 3.
1287 1602 1347 1645 Ut
1377 1616 1506 1644 nemo

91 1684 140 1721 in
163 1681 390 1735 precibus,
420 1678 628 1733 inquiunt,
659 1679 732 1720 vel
758 1679 948 1720 Patrem
975 1693 1060 1735 pro
1090 1679 1222 1730 Filio,
1253 1679 1326 1724 vel
1338 1680 1507 1722 Filium

87 1769 174 1812 pro
205 1756 350 1799 Patre
381 1758 596 1797 nominet.
648 1756 710 1798 Et
743 1769 844 1798 cum
875 1756 1028 1797 aleam·
1055 1759 1301 1807 assistitur,
1331 1770 1508 1814 semper

94 1831 158 1874 ad
183 1833 377 1874 Patrem
418 1831 659 1888 dirigatur
696 1835 862 1874 oratio.
922 1833 985 1875 Et
1017 1837 1263 1888 qm‘cunqne
1291 1836 1382 1876 sibi
1403 1848 1508 1891 pre-

95 1923 165 1951 ces
195 1908 380 1951 aliunde
425 1908 666 1964 describit,
707 1924 796 1950 non
828 1913 883 1952 ils
911 1916 1098 1961 utatur,
1139 1912 1234 1953 πίει·
1259 1913 1392 1967 prius
1430 1925 1510 1954 eas

95 2000 196 2029 cnm
226 1985 598 2028 instructioribus
626 1985 872 2040 fratribus
911 1987 1172 2029 contulerit.
1236 1989 1322 2031 Sed
1360 1989 1509 2042 Orige-

95 2065 156 2105 nis
187 2066 390 2105 sententia
421 2064 668 2104 illustranda
699 2076 760 2104 est
791 2081 839 2104 ex
871 2064 957 2121 ejus
989 2064 1099 2106 libro
1132 2066 1184 2106 de
1217 2066 1436 2118 Oratione,
1466 2067 1509 2109 in

96 2158 180 2196 quo
213 2158 304 2182 eam
336 2142 429 2181 data
463 2157 590 2195 opera
621 2142 900 2197 persequitur.

208 2220 256 2258 ln
297 2219 377 2259 hoc
417 2218 528 2258 libro
567 2236 683 2260 num.
716 2220 780 2262 14.
823 2220 887 2262 15.
928 2232 968 2260 et
1004 2236 1090 2276 seq.
1132 2232 1315 2276 quatuor
1348 2220 1509 2276 species

104 2294 306 2335 orationis
338 2312 358 2335 a
391 2294 524 2336 Paulo
547 2297 583 2350 ¹)
615 2296 894 2352 praescriptas
927 2297 1136 2353 explicare
1166 2297 1366 2338 instituit:
1400 2296 1509 2352 δεή-

101 2388 204 2426 σεις,
238 2372 507 2427 προσευχὰς,
538 2372 765 2426 ἐντεύξεις,
799 2374 1094 2430 εὐχαριστίας.
1157 2375 1508 2417 Obsecrationem

101 2449 246 2489 definit
287 2449 544 2489 orationem
587 2447 644 2489 ab
685 2450 834 2504 aliquo
881 2451 1149 2507 suppliciter
1186 2453 1418 2503 emissam,
1457 2462 1509 2496 ut

99 2524 217 2581 quod
251 2527 343 2581 ipsc·
377 2524 500 2567 deest
541 2536 863 2581 consequntur.-
911 2528 1200 2582 precationem
1251 2545 1351 2569 vero
1391 2543 1509 2582 eam,

100 2616 214 2658 quae
243 2601 618 2658 wzagtzficerztc'us
655 2616 753 2644 eum
788 2603 1132 2659 glorgficatione
1162 2603 1220 2647 ab
1253 2604 1432 2648 lzome'ne
1461 2610 1509 2649 τή

97 2681 310 2736 periculis
340 2683 586 2722 constituto
616 2678 671 2721 de
700 2683 835 2722 rebus
853 2682 1104 2738 majeribus
1123 2685 1367 2740 emittitur.
1407 2685 1443 2726 T
1448 2701 1510 2725 er-

215 2841 255 2895 1)
286 2840 371 2881 cfr.
404 2840 422 2880 1
457 2839 568 2880 Tim.
601 2840 656 2889 1¹,
689 2841 724 2883 1.

101 2916 324 2961 Oaicssms
358 2917 534 2960 Omma.
567 2915 686 2958 ΤοΜ.
719 2916 860 2958 ΧΧΙΙ.
1214 2921 1269 2964 26
