1759 3125
472 122 863 162 ORIGENIANORUM
903 121 1040 163 LIBER
1073 123 1104 163 I.
1441 125 1492 169 81

79 233 111 274 is
161 233 240 274 suit
286 232 461 289 Babylas
508 257 560 263 -
609 231 858 282 admissum,
904 232 1196 288 precationum
1242 237 1493 292 participem

79 309 205 350 fuisse
236 309 414 357 factum,
458 320 683 364 postquam
727 309 900 350 crimina
941 310 1154 350 confessus
1193 310 1236 351 in
1274 315 1495 367 poeniten·

78 386 182 426 tium
216 385 406 425 ordinem
439 387 632 426 redactus
665 398 750 427 est:
782 386 824 427 id
855 403 950 427 sane
982 388 1397 431 animadvertendum
1432 404 1492 433 est

78 480 123 503 ex
155 463 313 502 incerta
344 463 559 503 auditione
576 463 804 503 Eusebium
837 463 1040 504 retulisse.
1089 464 1342 507 Antiochiae
1372 485 1493 523 prae—

75 551 187 580 terea
220 539 438 591 contigisse
470 541 604 580 fertur
633 540 754 589 illud,
786 540 858 580 ubi
889 541 1097 580 florebant
1136 557 1200 581 res
1234 543 1491 586 Christiano-

73 634 180 665 rum,
216 616 365 672 quibus
393 629 483 657 tum
515 629 705 672 praeerat
736 617 959 673 episcopus
988 618 1192 674 Babylas;
1223 619 1264 659 in
1296 623 1490 665 extremis

73 693 272 733 videlicet
311 694 524 734 Romanae
571 694 742 734 ditionis
788 694 894 743 oris,
942 695 1093 749 procul
1136 711 1157 735 a
1198 696 1490 741 Romanorum

74 783 323 826 conspectu,
373 788 479 827 quos
527 788 627 828 prae
678 771 825 812 ceteris
864 771 1074 828 ejusmodi
1125 772 1282 814 facinus
1322 788 1490 830 poterat

73 864 356 889 commovere.
417 849 512 889 Huc
542 849 704 889 accedit
734 849 777 889 in
806 850 950 889 medio
982 848 1317 891 Christianorum
1350 866 1488 905 coetu,

73 925 240 965 conscio
274 941 367 965 cum
399 925 542 980 paucis
570 925 787 981 episcopo,
820 925 1122 981 imperatorem
1154 927 1278 968 facile
1312 930 1488 972 delitere

71 1001 280 1058 potuisse,
319 1014 479 1043 mutata
517 1014 649 1053 veste,
691 1015 732 1043 et
769 1002 1054 1058 imperatoriis
1092 1003 1320 1056 insignibus
1353 1007 1491 1049 detra-

72 1078 161 1120 ctis.
222 1079 311 1120 Sub
338 1078 375 1134 ¹)
407 1078 498 1134 ipsa
527 1095 658 1134 porro
691 1079 861 1135 imperii
892 1080 955 1120 sui
992 1080 1110 1121 initia
1143 1081 1298 1122 Christi
1331 1084 1489 1125 doctri-

68 1173 163 1197 nam
202 1155 444 1211 amplexum
479 1156 605 1196 fuisse
646 1156 893 1212 Philippum
936 1174 983 1198 ex
1015 1174 1066 1198 eo
1098 1158 1252 1214 liquet,
1299 1161 1416 1215 quod
1446 1161 1487 1202 in

69 1245 239 1274 coetum
271 1231 605 1275 Christianorum
649 1231 730 1290 jam
772 1246 931 1276 creatus
970 1234 1204 1291 imperator
1240 1236 1372 1293 recipi
1410 1255 1488 1294 po-

195 1432 233 1486 1)
271 1429 336 1470 En
367 1429 455 1485 ipsa
486 1430 659 1472 Eusebii
694 1432 842 1481 verba,
881 1448 927 1471 ex
971 1431 1119 1487 quibus
1152 1434 1262 1475 male
1291 1433 1358 1476 hic
1390 1452 1489 1476 con-

67 1501 201 1541 cludit
232 1501 430 1541 Huetius:
470 1503 647 1544 Τοῦτον
679 1505 852 1557 κατέχει
885 1499 1018 1557 λόγος
1050 1503 1331 1558 Χριστιανὸν
1362 1502 1484 1558 ὄντα,

70 1576 118 1616 ἓν
149 1571 292 1626 ἡμέρᾳ
324 1574 398 1624 τῆς
431 1568 620 1623 ὑστάτης
649 1575 727 1614 τοῦ
760 1569 916 1626 πάσχα
949 1574 1253 1628 παννυχίδος,
1289 1577 1380 1616 τῶν
1411 1576 1486 1618 ἐπὶ

68 1646 142 1695 τῆς
174 1644 409 1693 ἐκκλησίας
439 1639 585 1695 εἰκῶν
615 1643 675 1696 τῷ
709 1639 877 1694 πλήθει
901 1647 1146 1697 μετασχεῖν
1171 1644 1398 1699 ἐθελῆσαι,
1435 1645 1486 1688 οὐ

68 1710 290 1769 πρότερον
330 1711 377 1753 δὲ
418 1707 508 1752 ὑπὸ
550 1712 625 1753 τοῦ
667 1708 879 1764 τηνικάδε
920 1716 1202 1769 προεστῶτος
1232 1715 1487 1772 ἐπιτραπῆ-

69 1801 139 1827 ναι
175 1782 419 1836 εἰσβαλεῖν,
462 1776 488 1833 ἢ
526 1777 973 1837 ἐξομολογήσασθαι,
1015 1786 1089 1824 καὶ
1131 1789 1224 1832 τοῖς
1254 1785 1303 1827 ἓν
1331 1802 1486 1842 παρα-

65 1851 308 1907 πτώμασιν
338 1852 690 1907 ἕξεταζομένοις,
731 1859 975 1907 μετανοίας
1003 1869 1048 1896 τε
1073 1851 1234 1908 χώραν
1264 1858 1486 1910 ἴσχουσιν,

66 1922 227 1968 ἑαυτὸν
266 1924 528 1969 καταλέξαι·
569 1918 739 1970 ἄλλλως
777 1921 867 1980 γὰρ
904 1922 969 1980 μὴ
1010 1919 1068 1964 τ’ἷν
1105 1939 1215 1966 ποτε
1255 1924 1368 1982 πρὸς
1399 1926 1483 1969 αὗ-

64 1997 158 2047 τοῦ,
190 1991 252 2048 μὴ
285 1990 388 2046 οἰχὶ
415 1993 545 2034 τοῦτο
568 1990 840 2046 ποιήσαντα,
875 1991 949 2035 δια
968 1992 1139 2041 πολλὰς
1168 1998 1258 2035 τῶν
1284 1995 1375 2038 κατ’
1399 1997 1485 2039 αὐ-

66 2065 144 2109 τὸν
183 2067 324 2110 αἰτίας
363 2062 729 2117 παραδεχθῆναι.
799 2066 892 2105 Καὶ
930 2066 1241 2119 πειθαρχῆσαί
1275 2081 1326 2120 γε
1365 2084 1483 2124 προ-

64 2133 222 2192 θύμως
252 2137 450 2188 λέγεται,
494 2133 542 2175 τὸ
582 2130 778 2187 γνήσιον
819 2136 896 2175 καὶ
934 2132 1116 2188 εὐλαβὲς
1154 2137 1232 2188 τῆς
1270 2141 1376 2192 περὶ
1405 2138 1485 2182 τὸν

65 2210 194 2249 θ-εἴον
226 2201 376 2259 φόβον
415 2204 662 2252 διαθέσεως
702 2205 852 2258 ἔργοις
891 2204 1282 2259 ἐπιδεδειγμένον.
1343 2208 1481 2250 Porro

66 2292 114 2316 ex
143 2276 219 2315 hac
249 2272 423 2314 Eusebii
455 2273 696 2314 narratione
728 2273 874 2329 liquet,
905 2273 1158 2330 Philippum
1188 2293 1275 2317 non
1307 2278 1482 2333 quidem

65 2346 318 2401 postulasse,
358 2356 404 2384 ut
441 2344 484 2384 in
523 2355 692 2384 coetum
725 2343 1061 2385 Christianorum
1091 2345 1377 2401 reciperetur,
1407 2350 1482 2390 sed

64 2416 146 2472 jam
177 2414 458 2457 Christianum
489 2413 674 2454 voluisse
704 2413 1001 2469 precationum
1031 2414 1073 2454 in
1105 2416 1280 2458 ecclesia
1311 2419 1482 2473 partici-

65 2503 162 2541 pem
191 2484 304 2535 fieri3
346 2501 484 2539 neque
514 2484 693 2540 proinde
723 2485 800 2525 sub
831 2485 920 2540 ipsa
951 2485 1121 2541 imperii
1151 2485 1215 2525 sui
1245 2485 1377 2538 initia,
1408 2490 1481 2529 sed

65 2573 286 2616 antequam
326 2561 553 2617 imperium
583 2561 904 2617 adipisceretur,
946 2562 1102 2603 Christi
1133 2563 1369 2605 doctrinam
1398 2565 1480 2622 jam

66 2632 304 2686 amplexum
355 2648 453 2672 eum
497 2632 650 2672 fuisse:
697 2633 813 2688 quod
858 2631 984 2673 etiam
1033 2643 1237 2673 testantur
1278 2635 1480 2676 Leontius

67 2700 373 2751 Antiochenus,
425 2701 768 2759 ChrysostomUS,
818 2713 860 2742 et
905 2720 952 2742 ex
999 2702 1179 2743 Leontio
1221 2703 1478 2746 Chronicum

67 2770 407 2812 Alexandrinum.
464 2772 575 2812 Vide
616 2771 943 2812 Tillemontium
981 2771 1089 2814 Hist.
1129 2771 1320 2829 imperat.
1354 2775 1478 2816 Tom.

67 2839 142 2880 111.
174 2850 262 2879 not.
293 2839 334 2879 in
366 2840 551 2896 Philipp.
582 2858 673 2897 pag.
705 2841 802 2885 643.
833 2858 948 2897 seqq.
977 2843 1027 2881 R.

73 2916 294 2959 Osslossms
327 2916 501 2958 OPERA.
532 2917 653 2959 Tom.
685 2918 825 2958 XX11.
1180 2917 1206 2957 fi
