1759 3125
226 99 310 144 406
759 100 996 144 Exccnsus
1028 101 1123 143 VII.

226 215 330 254 hacc
361 213 563 255 sententia
595 215 646 255 ab
680 213 844 255 Arianis
878 215 1140 256 commentis.
1204 214 1408 269 Quamvis
1441 228 1578 257 autem
1612 217 1654 259 in

227 293 422 347 exemplo
455 292 655 332 ecclesiae
687 308 708 332 a
746 292 913 345 regibus
947 290 1170 344 et-rvginis
1201 293 1398 333 adoratae
1431 297 1653 350 metapho-

223 385 313 408 ram
345 368 542 410 admittat
583 368 811 422 Origenes,
852 385 938 409 non
977 368 1077 409 inde
1116 369 1305 424 sequitur
1335 373 1492 426 pariter
1521 373 1655 413 admi·

224 445 324 486 sisse
357 445 399 486 in
431 445 694 498 adoratione,
727 463 831 502 quae
864 445 978 486 Filio
1012 446 1225 498 defen-tun
1271 448 1344 487 sed
1378 449 1457 489 hoc
1488 462 1651 491 tantum

223 523 466 573 contendit,
514 524 703 580 quamvis
744 525 870 565 Pater
910 524 1132 573 adoretur,
1177 539 1224 563 ac
1263 524 1398 565 Filius
1438 528 1652 579 adoretur,

222 616 310 641 non
340 600 502 642 idcirco
535 601 850 642 distinctionem
872 600 1091 656 utriusque
1119 617 1324 656 personae
1341 603 1458 644 tolli:
1491 605 1650 662 quippe

225 693 320 718 cum
355 677 534 720 ecclesia
570 679 661 736 ipsa
700 677 867 719 adorari
899 677 1076 721 dicatur.
1136 678 1277 719 Simili
1308 680 1471 721 ratione
1504 681 1544 722 in
1577 683 1650 725 lib.

223 755 342 800 VIII.
375 768 519 798 contra
561 757 733 799 Celsum
779 767 827 796 ut
872 756 1029 811 probet
1069 755 1239 797 Patrem
1279 768 1320 798 et
1357 757 1519 798 Filium
1565 776 1652 801 non

223 833 450 885 confunffi,
488 834 679 890 quamvis
718 850 848 873 unum
893 849 981 874 esse
1023 833 1240 884 dicantur,
1281 834 1414 876 utitur
1453 838 1648 892 exemplo

220 910 460 966 primorum
491 911 699 962 fidelium,
731 927 914 967 quorum
946 927 1021 951 cor
1050 928 1182 952 unum
1215 924 1304 953 erat
1325 928 1371 953 ac
1393 913 1531 955 anima
1554 931 1648 956 una.

220 992 287 1028 An
318 987 418 1030 inde
449 987 653 1045 sequitur,
684 990 735 1030 ab
768 1005 818 1029 eo
852 987 961 1029 inter
990 988 1160 1030 Patrem
1203 1001 1244 1030 et
1274 989 1438 1031 Filium
1467 1008 1554 1032 non
1586 1009 1650 1032 ar-

220 1065 399 1108 ctiorem
432 1066 799 1124 conjunctionem,
840 1083 964 1122 quam
1005 1065 1117 1107 inter
1143 1067 1292 1109 fideles
1322 1068 1518 1110 admittI?
1565 1071 1650 1110 Ne-

220 1160 429 1200 quaquam
459 1146 682 1200 profect03
712 1143 746 1184 si
781 1144 952 1200 quidem
985 1142 1282 1186 identitatem
1308 1146 1537 1187 voluntatis
1570 1146 1649 1187 ibi-

218 1222 317 1263 dem
357 1222 399 1262 in
439 1234 623 1278 utroque
675 1222 883 1262 defendit.
949 1223 1046 1262 Non
1089 1221 1217 1275 magis
1256 1224 1534 1263 metuendum
1564 1225 1646 1264 hoc

217 1298 315 1340 loco
352 1310 425 1349 est,
455 1316 507 1340 ne
539 1299 725 1340 debitam
755 1298 871 1339 Filio
904 1299 1197 1339 adorationem
1229 1299 1366 1340 laedat
1383 1301 1565 1355 petitum
1598 1319 1645 1342 ex

213 1375 352 1417 Jesaia
396 1377 658 1417 adorationis
699 1375 957 1432 exemplum.
1038 1375 1126 1416 Cfr.
1165 1375 1367 1418 Prudent.
1406 1378 1552 1418 Μαι-ευ]
1593 1380 1645 1420 de

217 1453 437 1495 divinitate
477 1453 633 1497 Christi
672 1453 745 1495 lib.
777 1454 852 1500 IV,
894 1469 986 1509 cap.
1018 1453 1084 1496 16.
1123 1470 1240 1495 num.
1273 1454 1313 1497 7.
1355 1466 1395 1495 et
1433 1454 1473 1498 S.
1532 1455 1643 1497 Vide

215 1530 386 1588 insuper
415 1543 537 1573 notas
568 1531 723 1572 eruditi
754 1530 880 1583 Angli
918 1530 961 1571 in
1002 1530 1095 1573 libr.
1130 1531 1323 1584 Origenis
1355 1534 1406 1573 de
1438 1533 1643 1574 Oratione

215 1626 330 1652 num.
363 1610 428 1654 14.
462 1611 528 1654 15.
561 1622 602 1651 et
634 1609 701 1654 16.
759 1608 869 1650 Vide
902 1619 943 1649 et
971 1607 1147 1649 Bullum
1180 1610 1338 1652 defens.
1371 1610 1470 1651 fidei
1494 1611 1642 1652 Nicae-

214 1703 292 1729 nae
324 1689 376 1728 de
409 1685 510 1729 Filii
543 1690 602 1745 τῷ
635 1685 867 1746 ὁιιιοουσίῳ
898 1698 997 1728 sect.
1031 1687 1087 1729 ΙΙ.
1121 1703 1210 1743 cap.
1241 1688 1280 1731 9.
1314 1704 1427 1729 num.
1461 1689 1525 1731 15.

667 2050 999 2109 Exeursus
1043 2049 1176 2107 Vn.

631 2187 751 2244 (Cfr.
788 2204 879 2243 pag.
912 2186 1006 2230 218.
1038 2196 1125 2226 not.
1157 2184 1220 2240 2.)

325 2300 431 2341 Cum
464 2298 827 2355 praeexistentiam
868 2299 1101 2340 animarum
1140 2296 1383 2338 admitteret
1413 2296 1630 2350 Origenes,

211 2375 393 2434 conjecit
432 2393 530 2417 eum
567 2378 670 2418 haec
702 2377 848 2434 opinio
891 2377 934 2418 in
965 2375 1187 2417 absurdam
1219 2375 1271 2415 de
1305 2374 1462 2416 Christi
1491 2375 1630 2417 anima

202 2454 468 2497 sententiam.
528 2455 739 2497 Statuenti
781 2455 892 2496 enim
923 2453 1078 2494 animas
1109 2464 1204 2493 ante
1236 2451 1460 2502 exstitisse,
1502 2469 1629 2508 quam

205 2530 248 2572 in
279 2548 460 2589 corpora
488 2533 766 2582 mitterentur,
795 2531 1008 2585 integrum
1037 2546 1124 2571 non
1148 2529 1230 2570 fuit
1250 2529 1364 2571 idern
1394 2531 1446 2571 de
1473 2530 1629 2572 Christi

206 2610 343 2651 anima
378 2627 465 2651 non
503 2610 669 2663 dicere;
708 2622 749 2652 et
789 2627 883 2651 cum
921 2609 1024 2650 fides
1067 2606 1287 2650 Catholica
1326 2607 1500 2659 doceat,
1547 2625 1626 2650 nec

202 2687 385 2729 animam
417 2687 586 2738 Christi,
615 2704 694 2728 nec
726 2704 878 2743 corpus
908 2686 1088 2726 aVerbo
1120 2700 1307 2739 unquam
1336 2696 1525 2740 separata
1557 2701 1624 2725 ex-

200 2764 367 2816 stitisse,
392 2765 631 2807 inducenda
661 2766 742 2806 fuit
770 2764 873 2806 unio
903 2763 1064 2805 animae
1098 2779 1193 2804 cum
1210 2762 1354 2803 Verbo
1374 2773 1470 2803 ante
1500 2761 1624 2802 unio-

201 2859 298 2886 nem
331 2842 519 2902 ejusdem
537 2843 667 2888 Verbi
699 2860 794 2885 cum
817 2859 1013 2900 corpore.
1063 2842 1149 2884 Sed
1171 2839 1373 2897 quoniam
1397 2855 1444 2882 ex
1471 2840 1544 2882 lib.
1564 2840 1619 2881 ΙΙ.
