1759 3125
232 103 289 149 30
649 100 790 142 Pmm
831 100 1046 142 DANfflms
1077 101 1241 142 Humu

234 218 307 258 det
336 213 566 264 Baronius‚
598 224 639 254 et
670 214 711 253 in
742 213 927 269 primum
963 213 1180 265 Elagabali
1210 213 1346 271 rejicit
1378 230 1555 264 annum,
1588 215 1659 270 qui

235 292 467 352 Zepbyrini
499 290 687 331 decimus
720 303 904 339 octavus,
938 302 1234 345 etpostremus
1255 291 1357 342 suit;
1390 307 1656 347 caussamque

231 368 492 428 profectioni
524 369 803 408 B‘Iammacam
846 367 1076 408 Alexandri
1120 380 1296 408 matrem
1329 368 1493 408 dedisse
1524 368 1658 423 suspi-

234 461 372 497 catur,
413 463 507 486 cum
546 457 643 500 post
673 445 919 485 accersitum
952 445 1003 484 ad
1035 460 1078 484 sc
1113 444 1378 485 Antiochiam
1412 445 1654 497 Origenem,

230 525 504 578 Elagabalum
546 521 772 577 imperium
817 521 1032 561 ineuntem
1076 522 1256 562 Romam
1297 534 1403 562 esset
1445 522 1654 563 comitata.

231 603 447 656 Verum¹)
487 601 587 640 haec
628 599 750 639 aliter
788 598 1032 654 Eusebio2)
1075 599 1338 654 temporibus
1381 599 1508 638 divisa
1541 611 1655 639 sunt:

235 691 336 721 tunc
368 678 479 719 enim
510 694 530 717 a
563 678 800 718 Mammaea
832 675 1100 716 Antiochiam
1132 677 1311 717 accitum
1350 676 1476 716 fuisse
1509 676 1658 729 Orige-

231 774 328 798 nem
360 756 455 797 satis
486 766 630 810 aperte
660 753 890 805 significat,
925 764 964 793 et
997 753 1160 794 disertis
1193 770 1361 810 quoque
1394 753 1530 794 verbis
1561 765 1658 809 post

233 835 355 876 illum
387 832 611 886 Suidas‚³)
654 848 748 870 cum
790 848 930 896 rerum
971 831 1184 886 potiretur
1214 831 1325 871 filius
1358 830 1446 889 ejus
1480 831 1657 871 Alexan-

232 913 321 954 der.
381 910 468 963 Qui
499 920 723 964 postquam
755 907 984 963 imperium
1017 910 1192 964 adeptus
1226 921 1298 958 est,
1327 925 1412 948 non
1445 909 1544 949 alias
1570 910 1655 948 An-

231 987 434 1029 tiochiam
463 986 541 1026 ivit
571 987 831 1034 “Mammaem
864 1003 986 1041 quam
1021 1003 1115 1026 cum
1146 987 1291 1027 Persas
1326 986 1528 1026 Romanis
1560 985 1654 1026 fini-

230 1066 309 1106 bus
337 1064 604 1105 imminentes
635 1063 750 1103 bello
782 1063 965 1103 refutare
998 1080 1208 1116 aggressus
1242 1075 1313 1104 est.
1383 1064 1498 1104 Haec
1543 1064 1653 1103 mul-

230 1142 285 1184 tis
312 1153 410 1197 post
440 1140 672 1199 Zephyffini
705 1140 868 1181 obitum
901 1141 1015 1181 annis
1061 1141 1313 1182 inciderunt.
1375 1142 1481 1182 Cum
1513 1153 1653 1182 autem

231 1221 469 1275 Imperator
498 1218 758 1259 renuntiatus
791 1230 851 1258 est
879 1219 1129 1271 Elagabalus
1148 1254 1157 1271 ‚
1198 1219 1373 1260 Emesae
1415 1235 1653 1260 commora-

229 1299 356 1338 batur
384 1297 642 1347 Mammam,
686 1313 823 1352 neque
862 1296 904 1336 in
945 1308 1057 1337 tanta
1099 1313 1241 1336 rerum
1275 1297 1552 1338 conversione
1584 1313 1655 1336 cu-

232 1374 356 1416 riosis
397 1373 682 1414 auditionibus
722 1389 896 1429 operam
945 1374 1040 1414 dare
1081 1374 1267 1429 potuisse
1310 1374 1537 1414 verisimile
1579 1384 1653 1414 est.

228 1454 499 1508 Ecquaenam
537 1467 668 1506 porro
712 1467 852 1490 caussa
899 1450 1026 1490 fuerit
1065 1450 1275 1501 Baronio,
1331 1469 1404 1492 cur
1450 1452 1653 1492 incertam

231 1529 511 1582 Origenianae
542 1528 584 1568 in
617 1528 779 1568 Italiam
809 1527 1087 1582 profectionis
1126 1529 1391 1569 occasionem
1432 1529 1653 1570 commini-

229 1619 429 1655 sceretur,
461 1607 723 1646 Mammaeae
753 1621 907 1660 nempe
939 1606 1201 1645 assectandae
1233 1607 1432 1658 studium,
1466 1623 1560 1647 cum
1584 1623 1653 1646 ve-

228 1703 319 1728 ram
359 1683 609 1739 expresserit
647 1682 854 1723 Eusebius
894 1683 1000 1723 Hist.
1044 1684 1188 1724 eccles.
1229 1683 1301 1725 lib.
1333 1685 1407 1724 VI.
1450 1701 1537 1739 cap.
1573 1684 1653 1734 14„

226 1765 445 1805 Romanae
475 1760 674 1802 nimirum
713 1750 927 1810 ecclesiae,
961 1760 1162 1810 omnium,
1195 1772 1242 1801 ut
1273 1761 1360 1816 ipse
1392 1761 1549 1813 scribit,
1581 1778 1651 1802 an-

226 1840 500 1897 tiquissimae,
532 1838 699 1893 penitus
732 1839 1048 1889 cognoscendae
1081 1838 1361 1887 desiderium,
1391 1855 1476 1878 non
1510 1838 1648 1881 video.

227 1919 326 1959 Hoc
355 1933 452 1968 ergo
484 1916 565 1956 iter
594 1915 740 1957 Severi
771 1915 881 1955 inter
912 1915 1099 1965 obitum,
1151 1915 1222 1970 qui
1262 1932 1370 1955 anno
1419 1915 1648 1973 Zephyrini

226 1994 452 2035 undecimo
486 1993 681 2044 contigit,
720 1992 933 2046 ipsiusque
965 1991 1192 2049 Zephyrini
1222 2003 1428 2041 mortem,
1461 2008 1565 2047 quae
1597 1994 1649 2034 ad

227 2073 407 2113 alterum
446 2070 664 2122 Elagabali
699 2085 852 2109 annum
891 2067 1095 2123 pertinet,
1140 2069 1331 2108 conferre
1370 2069 1466 2110 satis
1498 2070 1651 2110 habea-

226 2166 342 2192 mus:
374 2165 395 2189 a
425 2160 620 2202 tempore
651 2158 792 2187 autem
825 2145 1011 2200 praecise
1044 2144 1312 2197 designando,
1346 2163 1440 2187 cum
1471 2164 1523 2188 ne
1549 2164 1649 2188 con-

225 2228 409 2286 jecturae
443 2225 613 2280 quidem
644 2224 787 2264 locum
820 2223 942 2263 nobis
979 2224 1181 2263 Veterum
1223 2236 1496 2264 monumenta
1526 2241 1648 2280 prae-

224 2307 366 2355 beant,
395 2303 688 2344 abstineamus.
757 2302 806 2341 ld
846 2301 887 2340 in
921 2300 1086 2340 decimo
1118 2300 1244 2340 tertio
1277 2300 1505 2359 Zephyrini
1537 2318 1645 2342 anno

225 2381 431 2426 Historici
462 2380 632 2436 quidam
664 2378 947 2427 constituunt,
981 2379 1095 2433 quod
1128 2380 1177 2418 ab
1210 2379 1381 2418 Eusebii
1410 2379 1644 2419 rationibus

224 2476 313 2502 non
342 2460 562 2514 discrepat,
596 2469 636 2497 et
665 2456 768 2496 mihi
798 2455 894 2496 satis
924 2457 1144 2511 probatur.

345 2599 385 2651 ¹)
416 2597 522 2637 Vide
554 2598 682 2652 paulo
714 2597 819 2636 infra
851 2609 996 2637 notam
1027 2598 1078 2637 ad
1109 2614 1221 2636 num.
1254 2597 1372 2646 V2[.‚
1413 2595 1487 2635 ubi
1517 2597 1644 2636 resel-

225 2655 330 2696 litur
366 2654 511 2694 Huetii
554 2653 701 2708 opinio
742 2655 793 2694 de
833 2665 1047 2708 tempore,
1092 2670 1176 2709 quo
1217 2654 1499 2693 Mammaeam
1540 2653 1643 2694 adiit

226 2712 441 2764 Origenes,
472 2712 522 2751 R.

340 2782 383 2835 ²)
418 2780 503 2821 Cfr.
533 2780 686 2820 Euseb.
718 2780 825 2821 Hist.
858 2780 1005 2821 eccleS.
1036 2779 1107 2820 lib.
1138 2780 1211 2820 VI.
1246 2795 1334 2833 cap.
1367 2779 1434 2821 21.

340 2852 384 2908 ³)
416 2850 503 2893 Cfr.
534 2850 653 2892 Suid.
687 2850 867 2892 Lexicon
899 2853 975 2891 sub
1008 2867 1098 2891 voc.
1128 2849 1371 2908 ’.(Ξριγὲνης.
