1759 3125
510 93 900 134 ORIGENJANORUM
930 93 1072 133 Lmssa
1102 93 1132 132 Ι.
1504 94 1531 137 9

112 204 368 245 indefessum
409 202 621 244 scribendi
659 201 869 252 studium,
917 215 959 245 et
998 203 1204 244 assiduam
1251 204 1360 245 circa
1398 206 1528 247 libros

108 298 284 331 moram,
315 281 490 322 eandem
520 278 852 336 appellationem
892 291 1142 321 consecutus
1173 292 1254 332 est;
1293 299 1417 337 supra
1450 284 1530 324 tria

108 357 317 414 siquidem
349 358 554 399 librorum
594 357 729 398 millia
771 369 812 399 et
851 357 1099 413 quingentos
1133 359 1400 414 conscripsit,
1432 377 1528 401 cum

109 436 247 476 multo
285 436 428 491 plures
467 435 696 487 Origenem
736 434 948 491 scripsisse
983 434 1202 490 proditum
1242 436 1312 476 sit:
1354 437 1528 478 minime

109 523 248 552 autem
281 512 381 552 dum
412 511 571 552 viveret
600 511 872 552 Adamantius
902 523 1046 552 noster
1077 511 1342 553 Chalcenteri
1371 531 1529 555 nomen

109 588 243 641 gessit.
302 589 479 630 Paribus
512 590 563 630 de
595 588 725 629 causis
755 589 896 644 Apion
930 589 1258 638 Grammaticus,
1301 607 1348 630 ac
1379 590 1527 632 itidem

108 666 361 724 Aegyptius,
399 678 577 723 propter
615 666 854 707 inusitatam
883 668 927 706 in
957 666 1150 708 literariis
1182 666 1396 707 laboribus
1427 684 1528 708 con-

108 744 322 795 stantiam,
358 743 536 801 μόχθος
575 744 827 796 cognomine
867 745 1001 785 dictus
1040 755 1113 787 est.
1181 745 1269 786 Sed
1307 746 1526 787 redeamus

107 823 160 863 ad
190 821 472 877 propositum.

220 900 292 944 lV.
351 899 491 954 Sex¹)
531 910 699 955 praeter
736 899 965 952 Origenem
1003 898 1115 939 filios
1155 899 1338 954 suscepit
1373 900 1527 940 Leoni-

108 976 202 1018 des:
241 988 282 1017 at
322 993 418 1017 cum
456 976 499 1017 in
539 977 616 1017 illo
655 977 888 1017 admodum
931 975 1056 1016 etiam
1095 988 1185 1016 tum
1216 993 1350 1032 puero
1380 994 1526 1029 magna

106 1055 159 1094 ad
189 1053 388 1095 virtutem
420 1055 606 1094 eluceret
637 1053 823 1103 indoles,
857 1054 1145 1094 omnemsere
1175 1054 1304 1108 patris
1336 1071 1527 1095 amorem

107 1148 154 1173 ac
184 1132 369 1173 studium
400 1132 451 1172 ad
481 1147 525 1171 se
558 1131 777 1172 convertit.
845 1131 970 1172 Hunc
1010 1130 1152 1187 itaque
1181 1131 1262 1171 sibi
1295 1132 1528 1173 domestica

106 1209 393 1259 institutione,
441 1208 699 1264 assiduisque
747 1208 983 1264 praeceptis
1029 1210 1299 1249 formandum
1342 1210 1527 1266 suscepit

103 1287 335 1338 Leonides,
383 1287 653 1342 animumque
692 1287 841 1327 rudem
886 1286 1034 1341 primis
1074 1286 1226 1327 imbuit
1268 1287 1527 1328 Christianae

105 1364 294 1421 pietatis,
340 1364 658 1420 divinarumque
698 1363 824 1404 simul
869 1376 910 1404 et
950 1363 1205 1404 exoticarum
1238 1364 1527 1405 doctrinarum

106 1441 346 1483 elementis:
377 1442 452 1483 sed
481 1441 538 1482 ita
569 1452 731 1491 tamen,
771 1453 818 1481 ut
852 1441 895 1481 in
933 1441 1189 1497 quotidianis
1219 1442 1528 1482 exercitationi-

104 1521 196 1570 bus,
226 1520 499 1560 humanarum
529 1518 747 1559 literarum
777 1517 924 1557 studiis
961 1534 1099 1558 sacrae
1130 1519 1375 1574 disciplinae
1407 1537 1527 1575 prae-

106 1597 228 1638 irent.
287 1597 388 1637 Erat
418 1595 590 1636 omnino
622 1594 664 1635 in
696 1611 829 1650 puero
861 1594 1074 1646 ingenium
1114 1612 1287 1651 peracre
1329 1608 1369 1637 et
1400 1597 1527 1637 fervi-

110 1675 225 1725 dum,
254 1672 470 1726 singularis
500 1672 730 1722 memoria,
770 1672 943 1724 flagrans
974 1684 1015 1712 et
1045 1672 1295 1713 incredibile
1324 1674 1525 1724 studium,

107 1762 167 1800 ut,
199 1751 404 1807 quidquid
434 1750 513 1790 sibi
543 1749 792 1805 impositum
823 1761 929 1790 esset
958 1751 1010 1790 ad
1041 1751 1299 1800 discendum,
1328 1767 1414 1791 non
1438 1763 1523 1793 tam

107 1827 320 1884 exciperet
359 1844 483 1884 quam
522 1826 747 1882 arriperet,
788 1828 1098 1882 docentemque
1131 1839 1292 1882 patrem
1324 1828 1524 1870 discendo

108 1917 150 1946 et
178 1906 418 1961 quaerendo
451 1904 708 1956 defatigaret.
769 1904 875 1946 Cum
918 1905 1027 1945 enim
1068 1904 1213 1945 selecti
1254 1921 1275 1944 e
1307 1905 1526 1961 Scriptura

104 1994 243 2023 sancta
274 1981 359 2022 loci
388 1981 560 2035 singulis
591 1982 824 2038 quibusque
868 1982 1014 2023 diebus
1051 1981 1282 2022 memoriae
1313 1999 1529 2024 commen-

108 2058 234 2100 dandi
270 2059 349 2115 ipsi
388 2071 748 2116 proponerentur,
789 2060 973 2115 proclivi
1014 2061 1240 2100 verborum
1279 2076 1401 2100 sensu
1440 2079 1527 2102 non

108 2148 340 2186 contentus,
370 2138 579 2189 satagebat
608 2136 748 2177 subire
779 2138 830 2177 ad
862 2136 1076 2187 interiora,
1109 2149 1149 2178 et
1168 2137 1406 2179 reconditas
1435 2156 1527 2179 sen-

107 2213 256 2255 tentias
287 2209 498 2264 evolvere,
528 2225 776 2270 patremque
808 2214 968 2255 assidua
998 2215 1320 2270 percontatione
1352 2218 1526 2258 lacesse-

106 2292 190 2332 bat.
266 2292 329 2331 Ac
379 2308 559 2347 puerum
604 2292 777 2347 quidem
822 2292 1102 2333 immoderata
1147 2294 1325 2348 quadam
1372 2295 1528 2346 ingenii

109 2369 298 2409 ubertate
314 2370 641 2424 superfluentem
666 2370 900 2419 coercebat,
930 2370 1154 2426 palamque
1181 2371 1425 2425 castigabat3
1454 2374 1528 2413 sed

109 2445 278 2486 felicem
307 2445 580 2488 nihilominus
620 2446 745 2488 animi
780 2447 965 2487 calorem
996 2447 1145 2488 tacitus
1177 2447 1384 2488 admirans
1415 2451 1528 2489 sutu-

110 2538 201 2562 rum
219 2525 510 2575 augurabatur,
542 2535 589 2564 ut
608 2524 659 2564 ad
683 2523 841 2580 majora
859 2523 1060 2578 aspiraret
1080 2525 1320 2581 aliquando,
1352 2526 1528 2581 filioque

110 2599 296 2639 nondum
326 2600 477 2655 puberi
508 2617 669 2641 summa
701 2600 840 2641 omnia
872 2599 1030 2657 judicio
1063 2619 1139 2642 suo
1170 2602 1396 2643 tribuebat.
1443 2604 1529 2644 Sed

234 2827 271 2882 ¹)
305 2828 389 2869 Csr.
423 2829 573 2872 Euseb.
607 2833 714 2875 Ilist.
745 2834 907 2876 Ecclcs.
941 2834 1011 2876 lib.
1045 2835 1115 2875 Vl.
1148 2851 1235 2889 cap.
1271 2834 1304 2877 l.
1340 2846 1378 2873 ct
1408 2833 1445 2874 2.
