1759 3125
481 90 870 131 OfflGEmANonum
910 90 1049 132 LIBER
1081 93 1133 131 ΙΙ.
1421 93 1502 138 221

97 217 207 243 mam
250 199 466 255 aequalem
510 200 607 240 Deo
649 199 877 252 Origenem
926 200 1175 250 credidisse,
1218 217 1266 243 ac
1308 206 1503 260 aequales

96 277 274 333 proinde
304 275 522 316 hominum
552 276 730 327 animas,
770 292 876 332 quae
908 275 1095 333 ejusdem
1124 288 1220 318 sunt
1249 279 1502 321 substantiae

93 370 140 394 ac
169 352 302 394 anima
325 351 489 403 Christi,
520 352 739 409 ipsumque
764 354 950 394 Verbum
980 353 1226 410 neutiquam
1254 355 1306 396 ad
1326 367 1505 407 terrena,

92 431 164 470 sed
193 429 328 469 solam
360 428 445 486 ejus
484 429 664 469 animam
702 430 874 472 venisse.
944 433 1082 486 Atque
1122 431 1281 473 utinam
1315 434 1380 473 vel
1411 433 1501 488 ipsa

93 505 284 557 Origenis
331 507 454 546 verba
496 519 843 562 repraesentasset
887 507 1171 562 Theophilus,
1220 509 1284 548 vel
1323 510 1375 549 ad
1414 508 1504 564 ipsa

92 583 197 632 loca,
227 583 339 623 uude
370 583 470 624 haec
502 595 673 638 excepta
703 595 818 633 sunt,
852 582 1027 636 digitum
1056 582 1322 626 intendisset!
1382 584 1504 625 Faci-

93 659 171 699 lius
213 659 383 715 quidem
430 672 471 701 et
519 659 671 700 certius
712 660 904 713 Origenis
951 675 1117 700 sensum
1164 659 1504 715 pervideremus;

91 752 239 777 vereor
269 736 394 787 enirn,
425 748 471 777 ut
501 737 739 777 vehementi
762 736 992 777 concitatus
1023 737 1139 787 odio,
1170 737 1228 777 sic
1259 737 1370 778 enim
1403 749 1504 791 erat,

87 813 184 853 satis
214 815 325 854 bona
355 813 437 854 fide
470 830 564 854 cum
594 814 847 854 Adamantio
879 803 1021 866 egerit.
1082 813 1254 855 Certum
1286 824 1367 864 est,
1407 829 1502 854 cum

89 898 229 931 semet
260 892 405 946 ipsum
434 892 703 932 exinaniret
735 890 944 940 Christus,
983 890 1089 930 nihil
1128 889 1371 930 detrimenti
1409 906 1504 946 pas-

91 984 177 1008 sam
209 966 295 1023 ejus
332 966 614 1017 divinitatem,
663 967 738 1007 sed
775 967 909 1007 solam
948 967 1248 1007 humanitatem
1288 966 1504 1008 laboribus

91 1044 217 1086 fuisse
250 1044 495 1086 obnoxiam:
528 1043 643 1101 cujus
676 1060 768 1084 cum
800 1043 1027 1099 praecipua
1048 1059 1141 1098 pars
1173 1043 1308 1084 anima
1338 1043 1404 1094 sit,
1433 1060 1505 1085 an-

90 1121 239 1174 gustias
271 1121 344 1162 illa
377 1120 576 1162 sustinuit
613 1132 653 1161 et
691 1120 888 1174 dolores,
936 1136 983 1160 ac
1026 1122 1277 1161 exinanita
1320 1120 1504 1175 proinde

87 1199 170 1240 hoc
201 1216 323 1240 sensu
354 1198 437 1239 dici
467 1209 629 1253 potest,
681 1209 722 1238 et
761 1214 782 1238 e
818 1212 983 1237 summo
1021 1196 1099 1237 illo
1130 1195 1344 1237 felicitatis
1375 1197 1504 1249 gradu

91 1275 273 1333 dejecta,
318 1292 402 1331 quo
433 1275 612 1331 potitam
643 1274 769 1315 fuisse
806 1273 926 1314 illam
957 1273 1117 1314 censuit
1148 1273 1374 1326 Origenes,
1408 1289 1503 1314 cum

89 1352 254 1407 irrupto
286 1351 440 1393 amoris
469 1369 577 1393 nexu
596 1353 693 1393 Deo
727 1350 960 1407 conjuncta,
990 1351 1181 1391 nondum
1201 1350 1384 1391 humano
1412 1366 1505 1391 cor-

90 1430 187 1485 pori
217 1445 305 1470 sese
335 1428 616 1470 immersisset.
679 1428 810 1483 Quod
841 1428 899 1469 ait
929 1443 1026 1480 ergo
1059 1428 1316 1482 Apostolus:
1349 1427 1446 1469 Hoc
1465 1427 1502 1483 ¹)

89 1506 328 1561 intellegat
376 1507 671 1561 unusqzczlsque
714 1507 760 1546 ιή
802 1503 949 1556 nobis,
994 1503 1113 1560 quod
1157 1510 1203 1546 et
1243 1505 1291 1545 ίη
1325 1502 1504 1546 Christo

92 1583 216 1634 Iesu;
247 1585 325 1638 qm·
351 1595 451 1623 cum
482 1584 527 1623 in
547 1582 716 1635 forma
747 1582 844 1624 Dez·
867 1588 1004 1633 esset,
1046 1595 1134 1622 uon
1175 1583 1393 1637 rapinam
1425 1594 1503 1622 ar-

94 1657 295 1701 bitratus
324 1665 391 1700 est
428 1672 520 1701 esse
549 1672 596 1700 se
626 1659 862 1715 aequalem
902 1659 1024 1708 Deo,
1063 1655 1145 1699 sed
1178 1665 1319 1700 semet
1357 1662 1503 1715 ipsum

91 1738 373 1787 exinanivit,
400 1735 605 1789 formam
641 1739 763 1779 serm·
790 1737 1034 1793 accipiens:
1076 1733 1191 1776 facili
1231 1734 1402 1788 negotio
1436 1751 1504 1775 ex-

91 1813 274 1868 plicatur
302 1814 355 1854 ad
384 1826 569 1854 mentem
601 1814 805 1867 Origenis.
868 1813 1077 1855 Christum
1110 1813 1167 1854 ait
1199 1812 1376 1862 Paulus,
1408 1828 1504 1853 cum

93 1889 134 1930 in
164 1891 301 1930 forma
330 1890 415 1931 Dei
447 1901 564 1940 esset,
595 1891 777 1947 Deoque
807 1891 1012 1946 aequalis,
1052 1906 1137 1930 non
1174 1889 1286 1946 juxta
1315 1888 1506 1929 humani-

91 1978 235 2020 tatem,
267 1967 340 2007 sed
370 1966 481 2024 juxta
506 1979 695 2009 naturam
724 1985 839 2009 suam
871 1967 1076 2016 divinam,
1117 1983 1160 2007 se
1199 1966 1337 2022 ipsum
1369 1966 1506 2007 exina-

93 2043 265 2094 nivisse,
296 2055 337 2083 et
365 2044 474 2084 servi
504 2046 684 2085 formam
714 2044 946 2100 accepisse,
982 2060 1068 2084 non
1099 2042 1211 2100 juxta
1244 2043 1505 2084 divinitatem

93 2137 221 2171 suam,
251 2122 323 2161 sed
353 2119 465 2178 juxta
494 2121 716 2163 humanam
746 2134 958 2172 naturam,
997 2119 1113 2177 cujus
1151 2120 1340 2176 priorem
1369 2120 1506 2162 anima

94 2198 235 2239 locum
276 2210 404 2245 tenet,
475 2197 573 2252 Quo
611 2201 881 2240 referendum
922 2198 1029 2239 illud
1066 2198 1240 2239 Christi:
1286 2197 1507 2251 Tristi-5²)

94 2281 160 2316 est
189 2277 350 2316 anima
380 2287 481 2317 mea
510 2288 644 2331 usque
675 2274 740 2318 ad
774 2283 978 2319 mortem.
1054 2276 1129 2316 His
1176 2275 1217 2315 in
1261 2291 1505 2316 accommo-

95 2353 195 2393 dum
223 2369 389 2394 sensum
419 2351 476 2392 ita
507 2353 676 2394 deflexis
706 2354 946 2394 retunditur
964 2352 1199 2409 Theophili
1230 2353 1505 2407 oppugnatio,

96 2446 189 2470 cum
219 2430 464 2485 praesertim
494 2430 589 2471 satis
621 2431 790 2472 aliunde
817 2442 999 2479 constet,
1046 2445 1125 2485 pro
1169 2440 1283 2469 certo
1316 2429 1506 2470 habuisse

95 2505 319 2558 Origenem
355 2509 543 2549 Verbum
574 2509 656 2548 Dei
689 2524 852 2548 carnem
893 2507 934 2548 in
970 2507 1135 2548 Christo
1177 2506 1301 2547 fuisse
1334 2508 1503 2548 factum.

96 2581 281 2623 Minium
310 2583 438 2625 instar
479 2585 556 2626 erit
585 2603 713 2627 unum
752 2585 795 2626 id
837 2584 924 2642 ejus
960 2583 1249 2625 testimonium
1293 2600 1314 2624 e
1343 2585 1505 2625 Prooe-

218 2742 254 2789 ¹)
288 2742 372 2783 Csr.
405 2744 590 2801 Philipp.
623 2748 676 2796 ll,
707 2748 743 2790 5.
778 2748 814 2789 6.
848 2747 884 2789 Τ.

212 2811 252 2863 ²)
286 2811 416 2854 Marc.
453 2815 563 2865 xlv,
594 2815 659 2859 34.
