1759 3125
266 48 291 92 3
302 47 348 91 46
681 47 820 90 Parm
860 48 1076 90 DAanns
1108 49 1270 91 lloern

266 174 379 202 tum:
412 175 517 216 quae
551 161 671 214 gratis
702 161 826 212 dicta,
860 173 900 203 et
931 161 1078 202 solidis
1109 161 1237 202 nullis
1267 162 1444 216 probata
1469 175 1686 213 argumen-

266 239 318 279 tis
349 238 473 291 gratis
503 238 642 290 negari
689 251 878 294 possunt.
947 239 1107 279 Fateor
1147 237 1415 294 apostrophis
1459 238 1686 294 aliquando

264 317 409 357 Patres
448 316 531 366 uti3
572 316 829 371 apostropha
860 317 928 357 hic
958 332 1079 356 usum
1112 331 1198 356 esse
1231 316 1478 369 Origenem,
1510 314 1555 355 id
1586 330 1687 355 vero

266 409 467 450 pei-nege.
529 392 758 443 Profecto,
799 394 833 434 si
874 394 940 434 cui
980 393 1206 434 llaeretieo
1239 393 1522 434 invocandum
1553 391 1687 447 Spiri-

264 483 354 512 tum
385 481 573 511 sanctum
604 471 733 512 hodie
764 471 931 524 neganti
962 469 1203 512 testimonia
1233 469 1407 511 Pau-um
1438 487 1534 511 eum
1565 470 1686 510 invo-

265 548 449 590 cantium
482 546 759 604 ohjiciantur3
790 548 823 588 is
860 564 960 588 vcro
992 547 1271 604 apostrophas
1299 548 1370 588 has
1403 563 1491 588 esse
1512 562 1687 602 respon-

263 627 371 677 deat,
402 641 548 678 magna
581 642 667 666 esse
700 625 865 666 dicetur
894 625 1180 680 responsionis
1211 625 1335 682 hujus
1356 624 1547 665 futilitas.
1596 625 1686 664 Nec

263 705 393 745 altera
433 720 531 744 vero
573 702 763 743 felicior:
817 702 978 744 Graeca
1017 702 1231 744 Homiliae
1270 702 1390 760 hujus
1431 700 1686 756 exemplaria

263 781 491 822 desiderari
524 780 663 836 ajunt3
692 781 925 821 elaboratas
957 796 1057 821 vero
1089 796 1177 821 esse
1219 796 1241 820 a
1273 780 1429 821 Rufino
1463 789 1504 819 et
1532 777 1684 818 Hiero-

260 876 388 917 nymo
421 857 804 912 interpretationes,
837 874 1018 914 quorum
1037 859 1146 915 sit¹)
1178 857 1281 899 levis
1306 857 1348 898 in
1365 854 1684 911 interpretando

259 938 386 989 fidcs;
422 934 725 991 apostropham
768 935 949 992 denique
995 935 1112 976 illam
1163 952 1249 977 esse
1291 952 1313 976 a
1350 934 1448 976 stilo
1490 932 1683 986 Origenis

259 1016 452 1056 alienam.
513 1014 686 1055 Certum
720 1025 780 1054 est
810 1013 1097 1055 Homiliarum
1136 1013 1309 1056 istarum
1340 1013 1381 1053 in
1412 1010 1682 1053 Ezechielem

257 1093 532 1148 interpretem
565 1107 652 1131 esse
694 1091 1025 1148 Hieronymum3
1067 1108 1193 1148 quem
1235 1091 1270 1132 si
1310 1092 1540 1131 fateremur
1579 1088 1682 1128 haec

259 1171 310 1210 de
341 1185 417 1210 suo
444 1168 632 1218 assuisse,
663 1168 785 1209 fateri
817 1182 1067 1221 cogerentur
1096 1169 1243 1226 utique
1268 1167 1508 1217 adversarii,
1537 1165 1572 1207 si
1601 1164 1681 1205 mi-

255 1263 331 1287 nus
364 1245 615 1298 Origenem,
652 1258 693 1286 at
736 1257 848 1287 certe
889 1246 1199 1303 Hieronymum
1235 1247 1483 1298 angelorum
1511 1243 1680 1284 invoca-

255 1325 418 1365 tionem
450 1322 645 1377 exemplo
678 1338 753 1362 suo
788 1325 1101 1379 comprobasse.
1161 1325 1218 1364 At
1249 1339 1346 1364 sane
1367 1339 1413 1363 ea
1429 1319 1679 1376 exceptione

255 1417 362 1457 opus
390 1415 476 1440 non
508 1410 579 1439 est.
642 1400 777 1456 Saepe
809 1417 852 1440 se
882 1400 939 1441 ait
968 1402 1266 1458 Hieronymus,
1298 1411 1340 1441 et
1368 1416 1445 1440 nos
1467 1397 1572 1440 alibi
1601 1398 1680 1438 do-

256 1478 442 1526 cuimus,
483 1477 711 1517 verborum
741 1494 966 1519 numerum
996 1478 1041 1519 in
1069 1478 1390 1534 interpretando
1419 1493 1507 1518 non
1535 1475 1677 1517 reddi-

255 1555 386 1606 disse,
429 1553 656 1595 sententias
702 1555 900 1596 duntaxat
943 1556 1216 1612 appendisse:
1262 1558 1387 1597 verba
1431 1555 1675 1607 neglexisse,

252 1649 394 1675 sensus
422 1624 608 1672 fideliter
638 1631 873 1673 retinuisse.
931 1634 1095 1674 Demus
1125 1633 1267 1690 itaque
1298 1635 1400 1674 haec
1431 1631 1674 1680 αὑτολεξεί,

251 1711 285 1752 5ἱ
315 1713 441 1760 forte,
471 1710 514 1750 in
547 1709 720 1751 Graecis
751 1710 806 1752 ita
835 1728 921 1752 non
953 1711 1181 1764 exstitisse3
1222 1712 1323 1753 dent
1360 1711 1494 1751 modo
1525 1710 1672 1750 adver-

250 1789 346 1830 sarii
376 1786 626 1828 sententiam
666 1787 823 1843 ipsam,
869 1804 949 1844 qua
989 1790 1126 1843 angeli
1166 1790 1404 1831 continetur
1443 1786 1673 1835 invocatio,

248 1865 362 1906 nulla
393 1876 512 1920 parte
542 1864 670 1905 fuisse
710 1865 913 1907 vitiatam.
988 1866 1121 1921 Quod
1160 1868 1321 1908 addunt
1358 1878 1519 1915 autem,
1569 1880 1671 1920 apo-

247 1942 432 1998 strophis
461 1941 706 1999 hujusmodi
736 1944 798 1984 uti
829 1944 1058 1997 Origenem
1087 1961 1175 1985 non
1205 1945 1366 1996 solere;
1407 1944 1451 1984 id
1497 1941 1669 1998 quidem

247 2020 292 2061 in
321 2019 470 2061 Tomis
501 2034 646 2060 verum
680 2036 766 2061 esse
800 2023 1096 2074 concedimus;
1132 2022 1175 2062 in
1206 2021 1407 2062 Homiliis
1437 2036 1523 2060 non
1551 2019 1669 2067 item,

248 2113 353 2153 quae
383 2094 627 2153 hujusmodi
658 2097 882 2152 pigmentis
922 2112 963 2140 et
1003 2099 1145 2152 figuris
1184 2099 1218 2139 si
1254 2115 1341 2139 non
1378 2099 1581 2149 refertae,
1621 2113 1668 2137 ac

245 2174 413 2231 penitus
445 2184 557 2213 certe
589 2189 742 2214 vacuae
772 2192 858 2215 non
889 2188 998 2217 sunt.
1044 2175 1202 2218 Audivi
1227 2176 1432 2230 quosdam
1449 2186 1667 2230 praeterea

248 2269 296 2292 ex
327 2252 475 2292 eadem
515 2262 648 2301 secta,
687 2253 823 2305 angeli
862 2253 1035 2293 nomine
1073 2264 1267 2293 notatum
1306 2253 1374 2293 hic
1414 2253 1666 2309 episcopum

246 2339 487 2378 asserentes,
519 2330 878 2383 quemadmodum
908 2331 1228 2387 Apocalypseos
1261 2347 1349 2386 cap.
1377 2330 1420 2374 2.
1454 2342 1494 2371 et
1524 2329 1562 2374 3.
1597 2347 1665 2371 ea-

246 2408 344 2447 dem
375 2406 621 2458 angelorum
651 2407 937 2462 appellatione
960 2408 1237 2449 Asiaticarum
1269 2407 1541 2448 ecclesiarum
1575 2407 1664 2463 epi-

243 2483 364 2539 scopi
403 2483 698 2535 significantur.
775 2485 962 2527 Puderet
1000 2486 1097 2526 illos
1139 2503 1235 2526 suae
1272 2485 1581 2541 responsionis,
1630 2484 1663 2525 si

242 2562 372 2603 totius
418 2561 503 2601 loci
554 2561 863 2602 cohaerentiam
907 2565 1101 2605 attentius
1142 2563 1453 2619 perspicerent,
1503 2562 1544 2602 in
1578 2579 1660 2617 quo

241 2639 485 2680 tutelarium
517 2639 786 2690 angelorum,
830 2642 880 2682 ad
914 2642 1151 2697 exemplum
1185 2640 1354 2691 Christi,
1383 2653 1429 2681 ut
1459 2640 1539 2682 sibi
1571 2639 1662 2696 qui-

365 2802 403 2855 ¹)
434 2801 514 2843 Ed.
543 2800 695 2843 Ruaei:
717 2801 794 2856 fit.
