1759 3125
0 84 13 192 ἐ

504 65 893 107 ΟΜΕΕΜΑΝοηυΜ
923 63 1065 106 Lmen
1094 65 1150 107 11.
1444 67 1527 111 249

111 179 274 231 mom'z'3
309 172 391 220 sed
407 175 443 231 ¹)
483 180 529 216 et
570 170 689 230 quod
722 185 969 230 supernum
1009 173 1193 226 altare,
1232 174 1350 232 quod
1376 184 1442 219 est
1473 182 1524 222 in

111 254 257 304 coelis,
283 249 367 294 ubi
389 256 434 292 et
463 250 654 294 ecclesia
677 251 1020 307 primitivorum
1049 256 1131 301 est,
1164 248 1284 293 idem
1309 254 1403 309 ipse
1419 267 1526 296 san-

106 334 212 390 guis
241 331 504 386 asperserit,
535 329 652 370 sicut
683 335 730 370 et
758 327 1002 385 Apostolus
1042 325 1175 370 dicit:
1214 328 1359 384 „Quia
1377 330 1418 387 ²)
1450 348 1524 387 pa-

109 406 286 450 cificavit
322 422 399 464 per
436 406 678 460 sanguinem
719 405 853 448 crucis
893 422 1013 456 suae,
1062 405 1149 447 sive
1189 422 1293 462 quae
1332 407 1377 449 in
1413 418 1525 451 terra

106 497 214 537 sunt,
244 485 329 527 sive
361 500 469 540 quae
499 483 541 524 in
574 482 745 526 coelis.“
813 483 958 526 Recte
997 495 1111 539 ergo
1148 482 1341 527 secundo
1379 488 1524 528 nomi-

105 570 193 605 nat
224 563 402 613 altare,
442 558 563 619 quod
597 567 665 603 est
703 558 770 603 ad
803 563 967 604 ostium
997 561 1298 604 tabernaculi
1324 567 1526 606 testimo-

105 642 191 692 nii,
237 641 343 696 quia
379 652 468 682 non
498 638 640 681 solum
676 652 762 695 pro
794 640 1114 689 terrestribus,
1163 636 1246 680 sed
1272 641 1414 682 etiam
1439 655 1527 698 pro

104 717 369 760 coelestibus
399 717 580 759 oblatus
609 723 676 759 est
708 715 860 759 hostia
888 716 1033 767 Iesus;
1064 723 1109 758 et
1140 714 1214 758 llic
1232 714 1411 772 quidem
1434 732 1522 775 pro

103 795 359 838 hominibus
387 797 533 852 ipsam
573 796 856 852 corporalem
896 796 1146 837 materiam
1183 797 1428 851 sanguinis
1455 799 1531 839 sui

89 871 255 929 fudit,
295 875 342 915 in
375 871 640 916 coelestibus
676 885 781 915 vero
822 869 1222 926 ministrantibus,
1265 873 1328 930 (si
1353 875 1431 930 qui
1456 875 1530 917 illi

103 948 220 994 inibi
245 951 396 1008 sunt),
426 948 768 1002 sacerdotibus,
808 950 995 993 vitalem
1037 949 1240 1007 corporis
1275 953 1350 993 sui
1382 955 1527 995 virtu-

103 1035 207 1079 tem,
235 1029 358 1071 velut
388 1029 626 1085 corporale
657 1025 886 1085 quoddam
914 1026 1220 1082 sacrificium,
1252 1029 1520 1072 immolavit.

101 1105 233 1148 Addit
264 1105 415 1147 deinde
447 1105 663 1163 duplicem
692 1105 735 1147 in
767 1121 818 1147 eo
849 1104 978 1146 fuisse
1008 1103 1202 1155 hostiam,
1234 1121 1360 1148 unam
1392 1117 1524 1148 terre-

100 1184 252 1226 stribus
296 1183 639 1235 convenientem,
677 1183 801 1225 aliam
843 1194 983 1239 aptam
1024 1182 1301 1235 coelestibus;
1342 1194 1383 1225 et
1429 1201 1523 1226 cum

103 1260 265 1319 duplici
295 1261 373 1303 illo
404 1261 633 1311 velamine,
675 1261 791 1317 quod
831 1272 1138 1302 commemorat
1170 1260 1326 1302 Paulus
1356 1260 1399 1302 in
1431 1262 1522 1318 epi-

101 1339 210 1381 stola
238 1341 290 1382 ad
319 1339 608 1394 Hebraeos‚³)
643 1355 738 1380 caro
773 1338 951 1389 Christi,
992 1349 1034 1380 et
1066 1338 1250 1388 coelum,
1289 1340 1403 1395 quod
1434 1339 1524 1395 ipse

100 1417 350 1473 penetravit,
378 1415 675 1470 significentur,
707 1416 863 1471 duplex
884 1415 1065 1472 proinde
1085 1414 1410 1469 intelligendum
1438 1433 1526 1459 esse

99 1494 372 1545 sacrificium,
410 1509 488 1550 per
528 1493 644 1549 quod
684 1492 950 1534 terrestribus
981 1504 1022 1533 et
1064 1492 1315 1535 coelestibus
1346 1494 1526 1538 salutem

101 1572 369 1629 compararit.
430 1572 545 1612 Haec
584 1581 740 1612 attente
779 1582 1002 1627 perspecta
1039 1571 1371 1628 expositionem,
1412 1589 1518 1629 quae

100 1652 151 1693 ad
184 1666 300 1692 oram
332 1647 493 1705 adjecta
526 1659 598 1697 est,
628 1646 850 1689 manifesto
881 1659 1101 1706 respuent,
1144 1665 1224 1705 qua
1255 1649 1438 1692 coeleste
1470 1650 1520 1691 il-

104 1728 178 1769 lud
209 1725 460 1770 sacrificium
489 1724 793 1768 Eucharistiam
835 1742 946 1776 esse,
992 1737 1188 1769 terrestre
1227 1742 1327 1769 vero
1368 1728 1523 1770 tolera-

102 1816 188 1846 tam
219 1805 262 1847 in
294 1821 415 1846 cruce
446 1814 630 1846 mortem
660 1803 866 1846 asseritur.
926 1803 1150 1846 Praeterea
1187 1820 1273 1846 non
1313 1822 1393 1861 pro
1424 1823 1524 1864 pcc-

103 1893 210 1933 cat0‚
241 1882 314 1923 sed
350 1898 429 1938 pro
473 1898 648 1923 munere
695 1882 886 1923 oblatum
925 1881 968 1923 in
1007 1881 1130 1924 coelo
1175 1880 1387 1924 Christum
1424 1900 1525 1939 pro-

99 1959 262 2002 nuntiat
300 1959 426 2002 Hom.
458 1958 496 2001 2.
537 1958 579 1999 in
617 1958 749 2000 Levit.
787 1975 902 2001 num.
934 1958 972 2003 3.
1053 1955 1159 2000 Vide
1198 1971 1335 2016 ergo,
1373 1960 1523 2018 inquit,

101 2052 156 2082 ue
174 2037 313 2094 forte
352 2034 507 2088 Jesns,
546 2048 671 2092 quem
715 2035 888 2078 Paulus
927 2033 1038 2078 dicit
1072 2035 1404 2094 pacificassffl)
1436 2053 1523 2096 per

98 2117 375 2173 sanguinem
411 2126 540 2156 suum
579 2125 667 2154 non
709 2113 854 2156 solum
895 2126 1011 2170 quae
1058 2116 1108 2157 in
1147 2116 1312 2172 terris,
1361 2114 1444 2159 sed
1476 2125 1523 2160 et

101 2206 217 2250 quae
249 2195 296 2236 in
329 2192 460 2235 coelis
490 2197 619 2242 sunt,
650 2188 769 2234 idem
799 2193 893 2248 ipse
922 2194 983 2234 sit
1012 2191 1204 2244 vitulus,
1243 2195 1323 2249 qui
1347 2195 1393 2236 in
1427 2207 1522 2238 coe-

103 2271 158 2314 lis
187 2268 363 2329 quidem
394 2282 483 2312 non
509 2281 596 2326 pro
621 2275 833 2325 peccato,
876 2267 960 2312 sed
984 2282 1071 2327 pro
1114 2282 1301 2314 munere
1334 2272 1517 2316 oblatus

101 2356 188 2392 est:
218 2350 265 2391 in
297 2350 439 2392 terris
469 2353 635 2399 autem,
667 2344 747 2390 ubi
774 2345 832 2391 ab
851 2348 892 2405 5)
922 2345 1076 2392 Adam
1106 2361 1242 2406 usque
1264 2347 1330 2393 ad
1363 2350 1518 2396 Mosen

223 2548 261 2601 ¹)
291 2547 401 2588 Edd.
434 2543 581 2588 Huetii
612 2546 694 2586 hoc
725 2562 894 2602 quoque
926 2547 1047 2590 loco:
1077 2544 1160 2589 sed
1185 2553 1230 2589 et
1253 2547 1372 2604 quod
1385 2563 1519 2606 super

104 2601 219 2644 illud
247 2603 412 2654 altare,
445 2614 522 2644 etc.
558 2625 606 2634 -·
642 2602 727 2643 Cfr.
758 2618 850 2658 pag.
883 2603 981 2647 246.
1011 2616 1098 2646 not.
1133 2604 1170 2648 1.

223 2673 264 2727 2)
299 2673 386 2714 Cfr.
419 2672 582 2714 Coloss.
615 2673 645 2722 I,
675 2671 742 2716 20.

222 2743 264 2797 ³)
298 2741 384 2783 Cfr.
415 2742 545 2783 Hebr.
575 2743 647 2792 Vi,
680 2743 743 2786 19.
778 2746 878 2787 coll.
908 2746 962 2797 X,
994 2745 1062 2788 20.

224 2809 264 2867 ⁴)
299 2811 382 2853 Csr.
419 2811 580 2854 Coloss.
615 2813 644 2865 1,
676 2813 742 2858 20.
866 2815 907 2873 ⁵)
940 2815 1024 2859 Csr.
1059 2816 1181 2859 Rom.
1213 2816 1264 2865 V,
1298 2814 1360 2859 14.
