1759 3125
478 52 868 94 OMGENJANORUM
911 50 1049 91 Lmen
1081 51 1135 91 ΙΙ.
1428 51 1509 97 283

91 161 186 202 tatis
219 178 410 217 corpora,
443 160 679 217 cujusmodi
710 171 805 201 sunt
831 159 1036 212 angelica3
1068 160 1213 200 asserit
1230 160 1388 216 quippe
1411 163 1509 204 loco

92 256 216 294 supra
265 239 417 287 allato,
469 238 764 280 materialem
801 236 1112 280 substantiam
1151 235 1285 293 liujus
1338 238 1511 291 mundi,

93 314 350 370 spiritualis
388 315 591 370 corporis
637 313 916 356 indumentis
954 314 1026 355 vel
1061 314 1251 369 angelos
1291 314 1403 366 Dei,
1444 317 1517 357 vel

93 390 210 440 filios
238 393 587 432 resurrecte‘onz‘s
617 404 870 434 exornare:
902 402 948 430 ut
978 390 1197 430 hominum
1224 407 1393 447 quoque
1420 409 1514 432 cor-

94 482 198 521 pora
230 479 326 522 post
356 469 707 509 resurrectionem
746 467 979 524 spiritualia
1019 468 1111 507 fore
1145 468 1327 508 declarat
1358 470 1513 510 Paulus

93 543 112 582 l
150 543 248 584 Cor.
277 545 381 596 XV,
412 546 482 588 44.
549 546 733 597 Angelos
769 561 900 601 porro
957 561 1051 584 cum
1097 556 1276 599 propter
1321 546 1515 587 eximiam

95 635 324 675 corporum
347 623 623 663 subtilitatem
643 623 879 678 spirituales
905 620 1068 670 dixerit,
1100 620 1379 676 incorporeos
1412 640 1518 678 quo-

96 712 177 749 que
210 699 553 752 quodammodo,
598 712 638 740 et
684 700 1042 757 καταχρηστικῶς
1073 697 1155 737 dici
1186 713 1309 752 posse
1341 700 1516 751 censuit,

97 772 235 814 habita
256 777 502 829 praesertim
522 793 753 832 corporum
783 788 1025 817 nostrorum
1050 774 1226 824 ratione,
1258 792 1362 830 quae
1387 793 1519 818 crassa

98 862 206 891 sunt.
281 853 329 893 ld
370 852 460 908 ipse
498 855 716 894 manifeste
755 853 913 893 indicat
951 852 996 892 in
1034 851 1265 892 Prooemio
1311 853 1518 894 librorum

101 927 152 967 de
184 927 368 984 Princip.
399 947 512 972 num.
543 930 605 981 8.;
637 947 732 970 cum
764 929 874 969 enim
906 928 1239 984 appellationem
1272 928 1519 986 ἀσωμάτου

100 1003 141 1044 in
172 1005 401 1061 Scripturis
431 1008 679 1063 neutiquam
710 1006 903 1062 usurpari
935 1006 1127 1055 dixisset,
1169 1005 1316 1062 objicit
1345 1006 1426 1047 sibi
1459 1008 1523 1047 lo-

102 1097 196 1121 cum
237 1085 444 1137 quendam
485 1102 533 1126 ex
572 1085 816 1143 apocrypho
857 1084 1028 1133 libello,
1074 1083 1144 1139 qui
1186 1083 1302 1124 Petri
1331 1084 1523 1126 doctrina

103 1157 366 1211 inscribitur,
409 1162 454 1202 in
485 1179 568 1218 quo
602 1162 819 1217 discipulis
852 1161 954 1201 dicit
986 1161 1199 1210 Christus,
1243 1177 1286 1201 se
1317 1178 1403 1202 non
1436 1179 1523 1203 esse

103 1233 392 1279 daemonium
438 1241 769 1295 incorporeum.
845 1239 1094 1293 Respondet
1141 1237 1368 1290 Origenes,
1416 1238 1526 1280 inter

106 1314 411 1356 ecclesiasticos
443 1317 574 1357 libros
605 1315 719 1357 Petri
752 1315 988 1355 doctrinam
1019 1331 1104 1354 non
1136 1315 1299 1355 haberi:
1332 1327 1420 1355 tum
1453 1317 1527 1356 ad-

108 1391 191 1432 dit:
243 1391 375 1443 chod
422 1394 565 1433 etlam
602 1395 645 1433 ει·
682 1395 829 1448 ipsum
868 1389 1217 1441 concederetur,
1268 1405 1357 1433 non
1405 1392 1527 1435 idem

105 1479 261 1508 sensns
298 1467 419 1526 2'bz‘¹)
467 1482 528 1511 ex
566 1471 652 1510 z‘sto
692 1482 898 1511 sermone
940 1468 1185 1526 ἀσωμάτου
1224 1468 1529 1522 indicaretur,

111 1546 240 1600 ρπβ)
274 1559 303 1586 α
337 1546 528 1588 Graecis
571 1548 643 1589 rel
674 1547 930 1589 Gentilibus
962 1548 1228 1587 auctori-'ms
1257 1547 1529 1601 ostenditur,

111 1633 246 1676 quum
276 1621 331 1665 de
361 1627 632 1680 incorporea
663 1630 840 1664 natura
883 1636 912 1663 a
937 1621 1215 1679 philosophis
1246 1622 1529 1680 disputatur.

112 1697 167 1739 In
209 1698 291 1740 hoc
330 1702 450 1742 enim
495 1699 643 1742 libello
688 1702 1006 1756 incorporeum
1053 1700 1345 1742 daemonium
1392 1700 1531 1753 delzz't,

108 1787 195 1831 pro
225 1789 298 1828 eo,
336 1776 456 1833 qnod
489 1781 581 1834 ipse
611 1778 686 1820 z'lle
717 1779 964 1833 quicunqne
995 1785 1063 1819 est
1096 1776 1304 1828 habitus,
1343 1779 1417 1820 vel
1445 1781 1533 1820 cz'r-

115 1932 165 1971 z’n
196 1943 252 1971 ea
270 1931 401 1985 f112't‚·
430 1931 512 1975 sed
538 1939 788 1988 antequam
819 1932 949 1974 illam
979 1938 1146 1982 exuat,
1178 1944 1338 1987 corpus
1369 1932 1535 1985 indust,

118 1999 237 2055 quod
262 2010 369 2043 erat
399 2007 611 2047 interra
632 2007 807 2044 victuro
832 2004 1153 2052 necessarium,
1186 2014 1263 2043 etc.
1316 2003 1391 2043 His
1414 2021 1537 2060 prac-

119 2070 276 2121 missis,
344 2074 470 2114 facile
522 2074 809 2114 discordantes
861 2072 1054 2124 Origenis
1109 2072 1195 2112 loci
1244 2072 1538 2117 conciliantur.

123 2140 305 2194 Quando
346 2143 474 2196 igitur
510 2145 788 2199 incorporeos
827 2144 997 2196 angelos
1039 2154 1080 2183 et
1119 2144 1275 2182 animas
1309 2142 1423 2193 dicit,
1454 2162 1539 2185 non

122 2212 173 2251 ad
203 2211 500 2268 imperitorum
532 2226 699 2270 captum
730 2231 818 2254 sese
850 2214 1159 2261 accommodat,
1190 2213 1264 2253 sed
1294 2224 1439 2253 natura
1469 2232 1544 2255 sua

121 2280 399 2338 incorporeos
431 2285 660 2325 existimat:
698 2295 739 2324 et
768 2284 934 2339 quando
958 2298 1189 2338 corporeos
1208 2298 1280 2322 eos
1310 2282 1426 2334 dicit,
1456 2302 1544 2325 non

127 2367 198 2392 eos
229 2353 285 2393 ita
317 2371 402 2395 esse
433 2367 579 2396 natura
608 2371 678 2395 sua
709 2365 852 2409 putat,
897 2369 944 2393 ac
974 2353 1155 2408 proinde
1185 2368 1271 2391 non
1305 2354 1395 2393 vult
1423 2354 1546 2410 spiri-

126 2431 191 2461 tus
232 2423 335 2463 nihil
376 2425 489 2465 aliud
529 2441 638 2475 esse,
685 2441 809 2480 quam
849 2440 1035 2463 summae
1075 2421 1308 2473 exiguitatis
1351 2440 1546 2479 corpora,

128 2493 200 2532 sed
242 2496 329 2536 vult
370 2513 441 2535 eos
481 2496 625 2535 subtili
656 2507 698 2535 et
725 2494 837 2534 aerio
871 2510 1077 2548 corpore,
1116 2491 1232 2548 quod
1263 2505 1386 2534 vocat
1414 2497 1549 2549 Spiri-

133 2565 282 2615 male,
316 2566 430 2621 quasi
462 2565 709 2605 indumento
743 2576 784 2604 ct
815 2563 1009 2603 vehiculo
1043 2562 1223 2603 exterius
1255 2562 1548 2607 circumvolvi.

137 2633 243 2674 Vide
267 2637 395 2690 paulo
418 2636 524 2676 insi-a
548 2634 718 2688 Quaest.
741 2646 840 2676 sext.
873 2635 924 2673 de
942 2633 1108 2683 Anima,
1140 2649 1254 2677 num.
1271 2633 1344 2682 Ill,
1367 2646 1409 2675 ct
1428 2635 1550 2676 XllI.

255 2706 294 2759 ¹)
324 2707 456 2746 Deest
490 2705 603 2755 „ibi“
634 2704 675 2744 in
709 2704 802 2744 edd.
835 2703 993 2744 Huetii.

256 2772 298 2827 2)
330 2774 434 2816 Edd.
468 2774 633 2816 lluetii:
664 2777 741 2831 quc'
770 2774 967 2817 Graecis.
