1759 3125
234 87 287 130 16
650 87 788 128 Pmu
828 87 1042 129 Dmmtxs
1074 87 1237 128 umam

231 211 294 241 rat
323 199 448 250 filius,
480 199 522 240 id
554 194 730 256 repente
759 201 865 257 patri
913 199 1126 257 objectum
1167 211 1250 240 cst:
1295 198 1366 255 qui
1407 198 1449 239 in
1482 198 1650 240 vincula

233 278 389 320 Christi
417 277 589 318 nomine
621 277 849 335 conjectus,
879 278 1008 318 morti
1030 276 1272 317 destinatur.
1322 275 1520 331 Sopituin
1543 292 1651 316 mar-

232 356 328 412 tyrii
377 355 634 395 desiderium
678 355 718 395 in
767 355 960 407 Origenis
1010 354 1149 394 animo
1197 352 1391 393 excitavit
1433 353 1648 393 Leonidae

233 433 486 482 constantia,
536 444 582 473 ut
629 432 796 487 quaevis
845 432 925 473 sibi
971 432 1114 488 potius
1159 431 1380 472 subeunda
1425 441 1647 479 tormenta,

232 527 355 567 quam
387 526 409 550 a
438 521 601 565 sperata
632 509 818 567 martyrii
850 510 980 562 gloria
1011 509 1312 550 discedendum
1354 518 1533 563 putaret.
1597 509 1648 548 At

228 600 363 629 mater
391 587 588 628 adhibitis
619 588 769 627 frustra
791 588 971 637 fletibus,
1004 586 1079 627 filii
1110 586 1316 641 impeturn
1348 584 1527 625 tardavit
1546 596 1647 634 arte,

229 677 272 707 et
302 667 481 707 occultis
512 664 641 721 ipsius
673 664 929 705 vestimentis
959 664 1137 705 invitum
1168 662 1286 703 domi
1325 661 1511 703 retinuit.
1569 662 1650 703 lta-

229 759 311 800 que
342 744 457 799 quod
489 743 577 799 ipse
615 744 753 783 facere
790 759 875 782 non
906 741 1070 798 potuit,
1106 740 1215 796 patri
1246 752 1293 780 ut
1323 740 1481 780 faceret
1512 738 1651 779 litera·

229 838 323 862 rum
354 820 721 861 adhortationibus
751 833 900 861 auctor
937 819 1038 860 fuit:
1083 820 1234 874 quibus
1266 816 1556 859 confirmatior
1589 816 1648 856 ef-

228 900 363 939 fectus
393 898 602 938 Leonides
652 897 801 953 capitis
839 895 1097 952 supplicium
1135 895 1255 944 tulit,
1300 910 1433 943 ann0,
1472 905 1519 934 ut
1550 892 1649 942 dixi,

229 975 375 1018 Severi
407 975 589 1026 decimo,
620 976 672 1016 ad
693 975 744 1016 X.
775 972 1114 1029 CalenddN'Iajas,
1145 974 1197 1013 ad
1229 989 1355 1029 quem
1391 971 1502 1012 diem
1534 986 1647 1011 mors

229 1053 317 1110 ejus
345 1056 528 1095 refertur
557 1055 599 1094 in
628 1054 824 1094 Romano
856 1050 1181 1110 Martyrologio.
1240 1050 1363 1091 Bona
1402 1048 1510 1106 ejus,
1557 1048 1647 1105 qui—

227 1133 304 1172 bus
335 1131 552 1182 familiam,
583 1133 684 1173 dum
716 1130 887 1180 viveret,
917 1130 1094 1170 honeste
1123 1129 1390 1177 toleraverat,
1419 1127 1521 1167 fisco
1551 1136 1649 1167 sunt

227 1209 420 1250 addicta:
460 1221 585 1265 atque
625 1208 681 1249 ita
711 1207 929 1260 Origenis,
972 1223 1067 1247 cum
1105 1217 1240 1246 matre
1280 1222 1326 1246 ac
1364 1222 1434 1246 sex
1463 1203 1648 1261 parvulis

227 1287 425 1328 fratribus
456 1287 497 1327 in
528 1304 689 1328 summa
723 1297 902 1338 egestate
945 1296 986 1325 ct
1026 1284 1144 1324 luctu
1174 1284 1336 1334 relicti,
1369 1300 1471 1339 opes
1503 1298 1647 1323 omnes

228 1376 427 1405 contusae
459 1377 571 1407 sunt.
633 1363 876 1407 Christianis
907 1363 1075 1403 favebat
1115 1360 1389 1401 Alexandriae
1418 1359 1576 1400 nobilis
1606 1370 1648 1399 et

227 1443 429 1497 opulenta
469 1442 646 1491 mulier,
685 1453 726 1482 et
762 1440 1031 1481 facultatibus
1071 1438 1155 1480 suis
1201 1439 1448 1479 sublevabat
1483 1437 1647 1492 inopes,

226 1520 300 1560 sed
345 1519 606 1560 orthodoxos
645 1520 695 1559 ab
734 1518 954 1558 haereticis
998 1533 1148 1572 parum
1189 1527 1307 1557 caute
1356 1515 1645 1556 discernebat:

227 1614 323 1637 nam
343 1597 537 1638 Paulum
567 1597 777 1652 quendam
809 1594 1147 1647 Antiochenum‚
1190 1593 1301 1634 inter
1338 1592 1646 1633 Alexandrinos

226 1674 464 1715 haereticos
494 1673 650 1730 primas
680 1685 907 1722 tenentem,
938 1688 1024 1712 non
1057 1671 1210 1727 opibus
1240 1671 1379 1711 solum
1411 1669 1541 1720 fovit,
1571 1669 1645 1710 sed

227 1752 347 1792 dorni
377 1751 504 1792 etiam
536 1752 759 1807 exceptum
789 1751 832 1791 in
864 1750 1002 1791 filiurn
1042 1749 1271 1805 adoptavit.
1344 1747 1539 1801 Origenis
1570 1747 1642 1788 illa

227 1847 397 1886 quoque
430 1847 569 1870 casum
599 1829 818 1878 miserata,
859 1828 981 1884 pueri
1021 1828 1288 1880 languescere
1326 1842 1413 1867 non
1461 1825 1558 1866 sivit
1584 1825 1648 1866 in·

226 1907 443 1956 dustriam,
475 1920 516 1948 et
546 1909 733 1947 animum
764 1907 927 1948 incultu
957 1917 1152 1960 torpere3
1191 1905 1265 1944 sed
1296 1904 1430 1952 victu,
1472 1902 1643 1943 ceteris-

227 2002 308 2041 que
338 1986 466 2026 rebus
499 1985 726 2025 commode
766 1995 808 2024 et
850 1981 1083 2023 liberaliter
1111 1980 1269 2022 habuit.
1330 1981 1435 2020 Inde
1467 1979 1642 2032 Origeni

225 2062 365 2118 aliqua
407 2078 502 2102 cum
545 2062 682 2102 Paulo
731 2059 967 2101 intercessit
1005 2057 1294 2099 consuetudo:
1338 2059 1409 2098 sed
1454 2057 1643 2114 quamvis
1701 2108 1703 2110 v

223 2142 275 2180 ad
305 2140 415 2179 hunc
444 2151 623 2195 propter
644 2137 929 2194 eloquentiam
960 2135 1151 2176 homines
1166 2152 1252 2176 non
1278 2135 1479 2176 haeretici
1496 2136 1642 2185 modo,

222 2218 296 2258 std
328 2217 553 2257 orthodoxi
586 2217 710 2257 etiam
753 2225 1075 2264 concurrerent,
1119 2230 1332 2268 nunquam
1371 2213 1526 2254 adduci
1563 2230 1644 2269 po-

220 2294 303 2335 tuit
334 2294 538 2346 Origenes
568 2306 614 2334 ut
645 2293 936 2350 precationum
976 2309 1071 2333 cum
1111 2308 1161 2332 eo
1202 2291 1463 2332 consociaret
1499 2308 1639 2346 usum,

223 2373 340 2428 quod
372 2371 574 2413 ecclesiae
606 2371 766 2423 legibus
797 2370 973 2411 vetitum
1014 2386 1101 2410 esse
1131 2369 1394 2409 meminerat.
1452 2369 1549 2409 Non
1581 2368 1639 2408 le-

223 2449 334 2489 viter
361 2448 428 2489 hic
458 2449 509 2489 ab
538 2448 749 2498 Eusebio,
791 2464 916 2504 quem
956 2460 1097 2488 tamen
1127 2459 1354 2488 assectatur
1381 2445 1536 2501 palam,
1565 2445 1640 2486 sed

220 2526 302 2566 hoc
333 2526 447 2575 loco,
476 2536 528 2565 ut
552 2526 741 2576 videtur,
771 2525 977 2566 intellexit
1007 2541 1175 2580 parum,
1208 2523 1399 2564 dissentit
1427 2522 1640 2578 Nicepho-

219 2619 309 2643 rus:
343 2603 523 2643 Paulum
555 2604 714 2659 quippe
746 2602 887 2643 divitis
917 2601 1038 2660 hujus
1070 2601 1250 2641 feminae
1281 2599 1478 2640 maritum
1509 2600 1637 2641 fuisse

218 2679 362 2720 scribit
393 2679 464 2721 lib.
489 2681 539 2720 V.
573 2696 661 2736 cap.
680 2680 739 2731 5.,
782 2681 1009 2733 Origenem
1049 2678 1280 2734 adoptione
1321 2677 1478 2729 filium3
1521 2678 1638 2733 quod

221 2773 268 2797 ex
301 2757 410 2798 male
442 2757 623 2812 acceptis
654 2757 827 2799 Ense-bii
867 2758 1003 2800 verbis
1043 2755 1215 2799 sensisse
1255 2755 1375 2797 illum
1406 2754 1547 2796 statim
1575 2754 1640 2795 in-
