1759 3125
678 96 907 138 Excuflsus
927 96 980 137 II.
1456 95 1539 139 379

119 209 372 264 cogitatione
402 225 449 250 ac
479 208 604 249 variis
628 219 792 249 tantum
814 207 1058 249 nominibus
1081 206 1361 259 distinguitur,
1394 223 1540 262 quem·

119 287 349 326 admodum
388 284 539 326 nefarii
578 285 780 326 haeretici
822 286 874 325 de
915 283 1122 326 Trinitate
1160 282 1407 323 sentiebant.
1468 283 1541 324 Sic

118 364 245 404 Tom.
276 364 306 403 l.
337 362 380 402 in
410 364 562 403 Joann.
593 380 707 403 num.
737 361 806 405 30.
865 362 1099 418 Mmmg')
1133 362 1183 404 δὲ
1215 365 1537 417 προσκοπτέτω

119 437 449 495 διακρινόντων
478 438 611 499 ἡμῶν
640 437 717 487 τὰς
748 441 797 482 ἓν
828 442 887 495 τῷ
921 441 1088 495 σωτῆρι
1120 439 1341 491 ἐπινοίας,
1376 435 1536 494 οἰόμε-

116 531 194 564 νος
224 517 300 558 καὶ
330 520 378 574 τῇ
412 515 543 572 οὐσίᾳ
574 515 739 560 ταύτὸν
769 515 887 572 ἡμᾶς
917 520 1082 559 ποιεῖν.
1136 514 1217 554 Hic
1246 514 1444 569 profecto
1475 530 1538 553 es-

115 592 274 634 sentiae
306 594 453 634 eadem
484 593 546 634 vis
578 611 625 635 ac
654 608 883 649 persona03
925 591 960 632 si
1001 591 1173 647 quidem
1207 590 1359 630 metuit
1391 589 1541 643 Orige-

115 687 210 720 nes,
251 687 325 721 ne,
367 671 468 711 dum
498 671 632 712 multa
662 671 705 711 iu
739 669 906 710 Christo
948 667 1188 720 distinguit,
1228 668 1381 708 multas
1412 667 1454 708 in
1488 684 1538 707 eo

114 763 315 803 personas
359 747 612 799 distinguere
644 747 847 788 videatur.
924 746 1090 788 Similia
1128 745 1255 785 habet
1286 746 1338 785 de
1372 744 1539 785 Christo

115 824 278 866 Homil.
310 825 428 866 Vm.
468 824 511 865 in
549 826 706 865 Jerem.
746 841 860 865 num.
898 823 937 866 2.
1004 822 1067 866 Τὸ
1108 823 1196 875 μὲν
1237 821 1544 877 ὑποκείμενον

117 901 168 944 ἓν
198 902 314 957 ἔστι,
359 906 454 950 ταῖς
493 902 541 945 δὲ
575 903 796 950 ἐπινοίαις
827 900 880 944 τὰ
911 899 1056 944 πολλὰ
1091 896 1293 955 ὀνόματα
1327 899 1403 940 ἐπὶ
1434 898 1540 940 δια-

117 977 279 1035 φόρων
317 980 423 1021 ἐστι’.
483 980 593 1020 Vide
635 979 760 1019 Tom.
791 978 862 1018 Vl.
903 977 946 1017 in
984 977 1137 1018 Joann.
1178 992 1294 1016 num.
1329 974 1397 1018 22.
1467 973 1540 1015 Sic

118 1055 243 1095 etiam
274 1056 436 1097 Homil.
457 1057 619 1096 XVIII.
650 1055 694 1095 in
717 1055 875 1096 Jerem.
905 1053 1066 1096 num.4
1109 1054 1383 1102 demonstrat,
1414 1067 1542 1092 unam

119 1143 161 1172 et
194 1133 369 1172 eandem
400 1149 490 1172 rem
521 1131 566 1172 in
603 1131 834 1187 Scripturis
873 1131 1047 1181 sanctis,
1094 1140 1224 1186 prout
1267 1128 1418 1168 leviter
1447 1145 1544 1183 per-

119 1207 349 1261 stringitur,
381 1221 451 1249 aut
481 1209 679 1250 attentius
712 1208 1024 1258 consideratur,
1053 1208 1218 1248 fontem
1250 1222 1337 1247 esse
1369 1206 1436 1246 vel
1467 1222 1544 1260 pu-

118 1297 250 1328 teum.
317 1285 378 1330 Τό
421 1286 529 1330 αὐτὸ
567 1289 617 1346 τῇ
649 1284 896 1330 ὑποστάσει
928 1288 988 1341 τῷ
1019 1287 1106 1341 μὲν
1137 1285 1390 1338 ἕπιπολαίῳ
1421 1281 1544 1338 πηγή

120 1364 227 1418 ἔστι,
261 1366 321 1419 Τῷ
355 1364 405 1405 δὲ
434 1367 667 1418 βαθυτέρῳ
700 1367 862 1421 φρέαρ.
922 1362 978 1402 Et
1008 1362 1134 1403 Tom.
1164 1361 1284 1402 XVI.
1316 1360 1359 1399 in
1391 1358 1544 1401 Manli.

118 1456 233 1480 num.
265 1440 304 1483 6.
362 1440 572 1490 Plurimi,
603 1440 766 1495 inquit,
797 1448 1039 1494 utrumque
1078 1438 1143 1494 (id
1175 1448 1256 1487 est,
1299 1435 1471 1476 calicem
1504 1448 1545 1477 et

118 1517 396 1574 baptismum)
436 1514 502 1557 ad
531 1519 812 1572 martyrium
842 1516 1084 1568 referunt:
1127 1515 1190 1559 Οὐ
1231 1512 1545 1572 παριστάντες,

118 1593 257 1649 inquit
289 1595 352 1634 ed.
384 1606 513 1635 nostr.
547 1595 672 1635 Tom.
695 1596 762 1636 lV.
794 1610 886 1650 pag.
907 1595 986 1644 15.‚
1021 1589 1119 1636 οὔτε
1152 1596 1189 1636 εἴ
1223 1590 1304 1635 δύο
1338 1592 1544 1639 ἐπινοίας

119 1673 210 1727 ἔχει
242 1674 525 1729 d‘rmovpe‘uag
556 1670 632 1713 διὰ
664 1674 754 1714 τῶν
785 1671 866 1714 δύο
901 1668 1141 1727 ὀνομάτων
1171 1668 1219 1712 ἓν
1251 1671 1300 1728 τῇ
1334 1666 1541 1711 ὑποστά-

120 1763 187 1791 σει
218 1746 555 1805 τυγχανόντων,
593 1749 839 1803 (legendum
864 1747 1053 1788 videtur:
1085 1744 1353 1802 τυγχάνον),
1388 1740 1476 1789 οὔτ’
1504 1748 1542 1788 εἰ

122 1823 315 1868 δύναται
347 1828 424 1868 καὶ
453 1823 536 1869 δύο
579 1827 833 1879 δηλοῦσθαι
874 1827 923 1868 ἓν
953 1824 1126 1873 τούτοις
1155 1820 1422 1881 πράγματα.
1481 1822 1544 1862 Ex

121 1902 184 1942 his
216 1903 571 1952 concludendum,
602 1902 647 1942 in
677 1902 739 1942 his
771 1901 1038 1952 testimoniis,
1069 1917 1174 1957 quae
1206 1899 1334 1940 trium
1355 1900 1546 1939 substan·

120 1981 274 2020 tiarum
308 1996 493 2020 errorem
526 1995 626 2034 prae
657 1996 699 2020 se
731 1980 842 2019 ferre
874 1979 959 2019 visa
985 1990 1103 2030 sunt,
1145 1979 1371 2035 pessimam
1403 1977 1547 2016 haere-

120 2056 184 2098 sin
215 2057 369 2107 refelli,
403 2057 609 2111 optimam
641 2056 841 2097 constitui
872 2057 1137 2098 sententiam.
1196 2056 1416 2097 Immerito
1448 2070 1546 2094 sane

121 2133 338 2189 vapulavit
386 2150 582 2186 magnum
623 2134 818 2187 Origenis
858 2134 1045 2175 studium
1083 2120 1328 2190 hujusmodi
1366 2130 1547 2171 haeresis

122 2212 403 2261 refellendae,
456 2228 561 2267 quae
604 2212 739 2253 Patris
781 2224 823 2252 et
863 2211 966 2252 Filii
1004 2211 1202 2252 notiones
1247 2209 1546 2258 confundebat,

123 2288 331 2344 Spiritum
362 2299 551 2328 sanctum
584 2290 763 2330 eundem
798 2305 885 2330 esse
916 2305 1152 2329 asseverans
1183 2305 1230 2329 ae
1260 2289 1444 2335 Patrem,
1477 2284 1545 2324 vel

125 2367 248 2406 etiam
284 2366 465 2405 eundem
500 2383 547 2406 ac
577 2366 752 2417 Filium,
784 2383 830 2407 ac
860 2367 1021 2408 nullam
1054 2364 1234 2422 Spiritui
1266 2375 1410 2405 saneto
1443 2378 1546 2417 pro-

123 2443 259 2499 priam
293 2443 545 2500 hypostasin,
574 2445 735 2485 nullam
756 2444 871 2485 Filio
894 2444 1114 2484 essentiam
1146 2459 1222 2498 per
1249 2458 1292 2483 se
1323 2439 1548 2481 subsisten-

124 2533 227 2571 tem,
260 2537 306 2561 ac
338 2520 422 2560 suis
453 2521 786 2576 proprietatibus
819 2522 1033 2563 definitam
1065 2520 1333 2569 attribuebat,
1365 2518 1455 2558 sola
1481 2532 1552 2556 co·-

125 2597 337 2651 gitationis
371 2609 412 2638 et
442 2597 629 2637 inanium
657 2600 881 2640 nominum
919 2598 1066 2640 relicta
1098 2597 1380 2638 distinctione.
1443 2593 1551 2647 Quis

126 2692 213 2716 non
242 2675 422 2716 miretur
454 2674 682 2727 Origenem
713 2677 788 2717 lios
821 2675 1053 2717 haereticos
1087 2676 1378 2723 refellentem,
1419 2672 1553 2713 visum

246 2830 285 2884 ¹)
322 2830 406 2872 Csr.
441 2831 502 2872 ed.
537 2842 665 2872 nostr.
698 2831 825 2878 Tem,
862 2833 892 2873 l.
924 2849 1011 2888 pag.
1049 2832 1114 2874 (34.
