1759 3125
496 65 885 106 OmeENmNome
921 63 1061 103 Lim-:R
1093 63 1147 104 ΙΙ.
1432 67 1515 111 347

99 178 195 216 dem
227 176 406 228 fingebat
438 174 664 226 Origenes,
706 173 757 213 de
789 171 913 213 coelo
953 172 1320 225 descendentium,
1361 188 1401 217 et
1438 178 1514 219 hu-

96 270 241 295 manae
268 251 411 292 salutis
444 266 585 291 curam
615 249 932 306 suscipientium
962 249 1183 290 manifesta
1202 250 1380 293 habetur
1395 271 1512 295 men-

95 330 173 371 tio.
231 329 372 369 Verba
399 326 502 367 haec
528 338 643 368 sunt:
683 327 785 369 Non
825 325 1003 380 suflicit
1033 338 1175 367 unum
1206 328 1376 370 coelum
1407 344 1514 387 ape-

93 407 202 447 riri:
234 405 515 460 aperiuntur
541 404 757 460 plurimi,
801 410 854 444 ut
886 401 1167 446 descendant
1196 417 1288 445 non
1318 407 1376 447 ab
1408 420 1513 460 uno,

91 479 172 522 sed
200 479 259 522 ab
290 481 495 522 omnibus
516 481 649 522 coelis
666 480 829 537 angeli
841 478 906 522 ad
921 493 1011 534 eos,
1040 483 1121 536 qui
1139 480 1359 524 salvandi
1381 493 1510 527 sunt:

90 557 257 614 angeli
291 558 370 613 qui
407 554 752 599 adscendebant
799 565 844 599 et
883 554 1221 598 descendebant
1256 571 1394 615 super
1432 562 1509 605 Fe.

90 635 202 676 lium
231 635 440 689 hominis,
472 641 518 676 et
548 641 838 677 accesserunt
868 632 933 676 ad
959 647 1076 687 eum,
1106 641 1152 676 et
1173 636 1510 682 ministrabant

88 713 142 753 ei.
202 709 556 754 Descenderam
585 719 740 754 autem
773 710 944 767 angeli,
974 713 1083 767 quia
1108 714 1243 767 prior
1270 710 1510 758 descende-

86 795 168 830 rat
201 787 420 838 Christus,
449 796 701 830 metuentes
730 785 1024 840 descendere,
1052 790 1322 844 priusquam
1351 792 1511 836 Domi-

84 877 171 906 nus
197 867 424 907 virtutum
451 867 664 917 omnium,
694 877 938 920 rerumque
953 867 1260 921 praeciperet.
1312 868 1507 920 Quando

85 949 241 984 autem
270 939 487 984 viderant
511 942 768 997 principem
806 941 1003 983 militiae
1042 942 1244 985 coelestis
1280 946 1329 986 in
1360 952 1510 989 terre-

83 1018 256 1061 stribus
285 1019 393 1061 locis
422 1019 721 1069 commorari,
762 1024 874 1060 tunc
907 1030 996 1074 per
1036 1026 1253 1075 apertam
1283 1025 1407 1064 viam
1437 1027 1506 1067 in-

79 1099 238 1152 gressi
268 1103 378 1137 sunt
422 1100 656 1150 sequentes
696 1095 948 1138 Dominum
993 1108 1146 1148 suum,
1193 1103 1240 1138 et
1282 1109 1508 1155 parentes

83 1173 319 1216 voluntati
342 1174 463 1230 ejus,
503 1174 578 1228 qui
606 1169 844 1214 distribuit
883 1184 959 1214 eos
988 1171 1194 1215 custodes
1224 1175 1508 1221 credentium

83 1252 262 1292 nomini
284 1263 376 1291 suo.
440 1248 508 1290 Tu
546 1247 651 1290 lteri
683 1250 766 1292 sub
811 1247 1050 1291 daemonio
1087 1263 1213 1302 eras,
1255 1251 1386 1296 lzodie
1424 1258 1506 1297 sub

43 1315 52 1334 ⁶
86 1327 265 1383 angela
325 1326 517 1367 Deinde:
547 1322 800 1368 Multitudo
831 1327 1028 1368 militiae
1059 1328 1263 1371 coelestis
1280 1338 1386 1373 erat
1405 1333 1506 1377 lan-

83 1402 300 1446 dantium
335 1409 383 1445 et
415 1401 789 1459 glorificantium
826 1402 1005 1454 Deum,·
1049 1403 1233 1460 quando
1264 1416 1408 1452 natus
1438 1419 1506 1453 est

84 1479 306 1523 Christus.
368 1478 537 1522 Omnia
578 1479 759 1534 angelis
789 1480 933 1536 plena
971 1490 1094 1524 sunt.
1176 1483 1292 1526 Veni
1324 1489 1506 1544 angele,

81 1559 258 1613 suscilae
295 1568 502 1598 sermone
541 1568 808 1599 conversum
849 1555 908 1599 ab
949 1571 1109 1601 errore
1139 1563 1358 1615 pristino,
1417 1566 1505 1606 Ro-

82 1636 163 1676 bur
192 1634 255 1675 his
288 1633 459 1676 additur
497 1650 546 1674 ex
574 1634 658 1675 hoc
686 1633 935 1675 testimonio
976 1636 1105 1684 Hom,
1135 1638 1298 1681 XXIII.
1330 1641 1374 1681 in
1403 1643 1505 1685 Luc.

80 1712 184 1768 Ego
214 1724 306 1753 non
337 1713 545 1767 ambigo,
585 1718 631 1753 et
669 1713 719 1752 in
757 1718 888 1755 coetu
920 1721 1077 1755 nostro
1108 1713 1267 1758 adesse
1298 1720 1503 1774 angelos,

81 1802 174 1831 non
202 1789 350 1833 solum
376 1788 671 1845 generaliter
708 1791 832 1831 omni
867 1790 1105 1842 ecclesiae,
1143 1791 1226 1835 sed
1262 1797 1406 1838 etiam
1434 1801 1503 1839 si-

77 1866 314 1922 gillatim:
342 1865 398 1908 de
418 1865 579 1922 quibus
604 1864 823 1908 Salvator
842 1869 934 1909 ait:
964 1869 1128 1921 „angeli
1147 1869 1185 1924 ¹)
1218 1887 1366 1913 eorum
1396 1891 1505 1916 sem-

82 1959 159 1998 per
200 1943 345 1983 vident
385 1942 538 1983 faciem
580 1943 716 1983 Patris
753 1943 861 1995 mei,
903 1943 1048 2000 quiin
1080 1946 1210 1988 coelis
1240 1957 1343 1991 est.“
1400 1952 1504 1997 Da..

74 2020 190 2077 plex
219 2019 293 2062 lu'c
322 2017 455 2061 adest
484 2019 696 2069 ecclesia,
738 2033 836 2063 una
866 2019 1122 2075 hominum,
1163 2024 1319 2069 altera
1356 2041 1502 2086 ange-

81 2097 244 2141 lorum.
303 2096 353 2140 Si
390 2095 502 2152 quid
523 2098 680 2153 juxta
716 2099 949 2140 rationem
984 2107 1033 2141 et
1050 2101 1205 2156 juxta
1233 2104 1505 2162 Scriptura-

81 2187 187 2217 rum
226 2172 418 2218 dicimus
456 2174 764 2227 volantatem,
794 2175 1042 2221 laetantur
1073 2180 1252 2234 angeli,
1284 2190 1332 2224 et
1362 2193 1504 2228 orant

81 2248 324 2293 uobiscum.
383 2253 530 2308 ltaque
561 2253 834 2310 perspicuum
869 2266 943 2304 est,
974 2272 1061 2296 non
1092 2256 1343 2313 episcopum
1372 2260 1501 2304 inter-

79 2329 259 2384 pellasse
293 2329 522 2380 origenem
552 2330 596 2370 in
625 2330 770 2386 priore
800 2330 878 2372 illo
910 2333 1026 2382 loco,
1056 2334 1129 2373 sed
1155 2336 1350 2385 angelum
1379 2339 1501 2380 invo-

84 2422 210 2449 casse.
272 2407 318 2446 In
351 2422 512 2447 cassum
551 2424 649 2461 ergo
689 2409 742 2449 ad
780 2409 1025 2461 angelorum
1065 2412 1375 2467 repudIandum
1413 2419 1501 2458 cul-

83 2495 173 2524 tum
203 2484 408 2537 ⁸Origenis
450 2485 746 2527 auctoritatem
784 2487 1025 2542 praetendit
1074 2489 1139 2529 vir
1186 2489 1376 2547 alioquin
1416 2495 1500 2535 exi—

83 2561 191 2601 miae
240 2562 487 2602 eruditionis
534 2562 636 2607 Ger.
675 2564 827 2610 Joann,
866 2564 1039 2605 Vossius
1088 2567 1181 2608 libr.
1225 2568 1260 2610 1.
1306 2570 1358 2610 de
1398 2573 1499 2625 orig.

97 2639 183 2679 dol.
229 2655 317 2695 cap.
359 2640 396 2683 9.
466 2640 603 2681 Porro
644 2658 769 2698 quam
809 2642 951 2697 priore
992 2641 1090 2684 loco
1133 2645 1398 2690 adhibuimus
1438 2668 1502 2691 rc-

206 2801 244 2854 1)
275 2802 424 2846 Mauh.
456 2804 614 2854 xvffl,
649 2805 709 2848 10.
